<?xml version="1.0" encoding="UTF-8"?>
<!DOCTYPE html PUBLIC "-//W3C//DTD XHTML 1.0 Transitional//EN"
    "http://www.w3.org/TR/xhtml1/DTD/xhtml1-transitional.dtd">
<html xmlns="http://www.w3.org/1999/xhtml" xml:lang="en" lang="en">
 <head>
  <title>
</title>
<meta http-equiv="Content-Type" content="text/html;charset=utf-8" />
  <meta name='ocr-system' content='tesseract 3.04.00' />
  <meta name='ocr-capabilities' content='ocr_page ocr_carea ocr_par ocr_line ocrx_word'/>
</head>
<body>
  <div class='ocr_page' id='page_1' title='image "./deoratoribusdia00tacigoog_0017.png"; bbox 0 0 2904 4842; ppageno 0'>
   <div class='ocr_carea' id='block_1_1' title="bbox 274 525 1329 698">
    <p class='ocr_par' dir='ltr' id='par_1_1' title="bbox 274 525 1329 698">
     <span class='ocr_line' id='line_1_1' title="bbox 276 525 1329 629; baseline -0.015 -21"><span class='ocrx_word' id='word_1_1' title='bbox 276 548 497 623; x_wconf 76' lang='lat' dir='ltr'><strong>sanguinantem</strong></span> <span class='ocrx_word' id='word_1_2' title='bbox 516 539 729 616; x_wconf 63' lang='lat' dir='ltr'><strong>eloquentium,</strong></span> <span class='ocrx_word' id='word_1_3' title='bbox 761 545 866 600; x_wconf 81' lang='lat' dir='ltr'><strong>llnloes</strong></span> <span class='ocrx_word' id='word_1_4' title='bbox 891 541 990 598; x_wconf 88' lang='lat' dir='ltr'><strong>Musas</strong></span> <span class='ocrx_word' id='word_1_5' title='bbox 1015 525 1151 595; x_wconf 77' lang='lat' dir='ltr'><strong>revocare</strong></span> <span class='ocrx_word' id='word_1_6' title='bbox 1175 553 1242 595; x_wconf 88' lang='lat' dir='ltr'><strong>sues</strong></span> <span class='ocrx_word' id='word_1_7' title='bbox 1267 537 1329 629; x_wconf 73' lang='lat' dir='ltr'><strong>eal·</strong></span> 
     </span>
     <span class='ocr_line' id='line_1_2' title="bbox 274 633 808 698; baseline -0.019 0"><span class='ocrx_word' id='word_1_8' title='bbox 274 645 354 698; x_wconf 88' lang='lat' dir='ltr'><strong>tores</strong></span> <span class='ocrx_word' id='word_1_9' title='bbox 371 656 391 696; x_wconf 88' lang='lat' dir='ltr'><strong>a</strong></span> <span class='ocrx_word' id='word_1_10' title='bbox 407 635 655 694; x_wconf 68' lang='lat' dir='ltr'><strong>sollicitudinibus</strong></span> <span class='ocrx_word' id='word_1_11' title='bbox 673 639 703 688; x_wconf 92' lang='lat' dir='ltr'><strong>et</strong></span> <span class='ocrx_word' id='word_1_12' title='bbox 722 633 808 688; x_wconf 88' lang='lat' dir='ltr'><strong>curis.</strong></span> 
     </span>
    </p>
   </div>
   <div class='ocr_carea' id='block_1_2' title="bbox 345 727 1333 830">
    <p class='ocr_par' dir='ltr' id='par_1_2' title="bbox 345 727 1333 830">
     <span class='ocr_line' id='line_1_3' title="bbox 345 727 1333 830; baseline -0.012 -14"><span class='ocrx_word' id='word_1_13' title='bbox 345 761 389 818; x_wconf 90' lang='grc'><strong>14</strong></span> <span class='ocrx_word' id='word_1_14' title='bbox 408 736 581 830; x_wconf 69' lang='lat' dir='ltr'><strong>Supervenit</strong></span> <span class='ocrx_word' id='word_1_15' title='bbox 598 757 753 828; x_wconf 78' lang='lat' dir='ltr'><strong>Vipstanus</strong></span> <span class='ocrx_word' id='word_1_16' title='bbox 767 754 904 809; x_wconf 73' lang='lat' dir='ltr'><strong>Messala</strong></span> <span class='ocrx_word' id='word_1_17' title='bbox 938 756 983 822; x_wconf 88' lang='lat' dir='ltr'><strong>ls,</strong></span> <span class='ocrx_word' id='word_1_18' title='bbox 1002 755 1187 824; x_wconf 90' lang='lat' dir='ltr'><strong>antiquorum</strong></span> <span class='ocrx_word' id='word_1_19' title='bbox 1204 727 1333 807; x_wconf 84' lang='lat' dir='ltr'><strong>admira·</strong></span> 
     </span>
    </p>
   </div>
   <div class='ocr_carea' id='block_1_3' title="bbox 274 841 1440 920">
    <p class='ocr_par' dir='ltr' id='par_1_3' title="bbox 274 841 1440 920">
     <span class='ocr_line' id='line_1_4' title="bbox 274 841 1440 920; baseline -0.015 -12"><span class='ocrx_word' id='word_1_20' title='bbox 274 853 337 919; x_wconf 83' lang='lat' dir='ltr'><strong>tor,</strong></span> <span class='ocrx_word' id='word_1_21' title='bbox 364 852 475 920; x_wconf 79' lang='lat' dir='ltr'><strong>Aprum</strong></span> <span class='ocrx_word' id='word_1_22' title='bbox 500 866 518 903; x_wconf 88' lang='lat' dir='ltr'><strong>a</strong></span> <span class='ocrx_word' id='word_1_23' title='bbox 542 862 682 904; x_wconf 80' lang='lat' dir='ltr'><strong>novorum</strong></span> <span class='ocrx_word' id='word_1_24' title='bbox 706 846 858 898; x_wconf 83' lang='lat' dir='ltr'><strong>rhetorum</strong></span> <span class='ocrx_word' id='word_1_25' title='bbox 882 861 963 898; x_wconf 90' lang='lat' dir='ltr'><strong>more</strong></span> <span class='ocrx_word' id='word_1_26' title='bbox 989 845 1027 898; x_wconf 90' lang='lat' dir='ltr'><strong>ad</strong></span> <span class='ocrx_word' id='word_1_27' title='bbox 1052 849 1183 900; x_wconf 76' lang='lat' dir='ltr'><strong>veterem</strong></span> <span class='ocrx_word' id='word_1_28' title='bbox 1208 841 1332 918; x_wconf 76' lang='lat' dir='ltr'><strong>formam</strong></span> <span class='ocrx_word' id='word_1_29' title='bbox 1439 869 1440 876; x_wconf 31' lang='grc' dir='ltr'><strong>ι</strong></span> 
     </span>
    </p>
   </div>
   <div class='ocr_carea' id='block_1_4' title="bbox 169 927 1440 1008">
    <p class='ocr_par' dir='ltr' id='par_1_4' title="bbox 169 927 1440 1008">
     <span class='ocr_line' id='line_1_5' title="bbox 169 927 1440 1008; baseline -0.017 -9"><span class='ocrx_word' id='word_1_30' title='bbox 169 981 176 988; x_wconf 80' lang='lat'><em>.</em></span> <span class='ocrx_word' id='word_1_31' title='bbox 273 942 393 997; x_wconf 76' lang='lat' dir='ltr'><strong>trahere</strong></span> <span class='ocrx_word' id='word_1_32' title='bbox 415 937 531 994; x_wconf 84' lang='lat' dir='ltr'><strong>nititur.</strong></span> <span class='ocrx_word' id='word_1_33' title='bbox 574 929 700 1008; x_wconf 56' lang='lat'>15218.</span> <span class='ocrx_word' id='word_1_34' title='bbox 717 933 793 1001; x_wconf 74' lang='lat' dir='ltr'><strong>Aper</strong></span> <span class='ocrx_word' id='word_1_35' title='bbox 815 930 978 1004; x_wconf 78' lang='lat' dir='ltr'><strong>repugnans</strong></span> <span class='ocrx_word' id='word_1_36' title='bbox 1001 939 1099 988; x_wconf 86' lang='lat' dir='ltr'><strong>movet</strong></span> <span class='ocrx_word' id='word_1_37' title='bbox 1123 927 1329 1000; x_wconf 85' lang='lat' dir='ltr'><strong>quaestionem,</strong></span> <span class='ocrx_word' id='word_1_38' title='bbox 1439 931 1440 948; x_wconf 67' lang='lat'>¹</span> 
     </span>
    </p>
   </div>
   <div class='ocr_carea' id='block_1_5' title="bbox 257 1017 1360 1452">
    <p class='ocr_par' dir='ltr' id='par_1_5' title="bbox 257 1017 1360 1452">
     <span class='ocr_line' id='line_1_6' title="bbox 272 1017 1332 1100; baseline -0.014 -15"><span class='ocrx_word' id='word_1_39' title='bbox 272 1029 391 1100; x_wconf 85' lang='lat' dir='ltr'><strong>quinam</strong></span> <span class='ocrx_word' id='word_1_40' title='bbox 415 1033 545 1083; x_wconf 89' lang='lat' dir='ltr'><strong>oratores</strong></span> <span class='ocrx_word' id='word_1_41' title='bbox 570 1023 693 1080; x_wconf 84' lang='lat' dir='ltr'><strong>vocandi</strong></span> <span class='ocrx_word' id='word_1_42' title='bbox 716 1021 776 1076; x_wconf 91' lang='lat' dir='ltr'><strong>sint</strong></span> <span class='ocrx_word' id='word_1_43' title='bbox 803 1021 926 1091; x_wconf 89' lang='lat' dir='ltr'><strong>antiqui.</strong></span> <span class='ocrx_word' id='word_1_44' title='bbox 968 1023 1030 1076; x_wconf 84' lang='lat' dir='ltr'><strong>llos</strong></span> <span class='ocrx_word' id='word_1_45' title='bbox 1054 1022 1230 1075; x_wconf 83' lang='lat' dir='ltr'><strong>venerantur</strong></span> <span class='ocrx_word' id='word_1_46' title='bbox 1253 1017 1332 1074; x_wconf 81' lang='lat' dir='ltr'><strong>Mes·</strong></span> 
     </span>
     <span class='ocr_line' id='line_1_7' title="bbox 257 1109 1330 1184; baseline -0.009 -12"><span class='ocrx_word' id='word_1_47' title='bbox 257 1119 351 1184; x_wconf 19' lang='lat' dir='ltr'><strong>Asela,</strong></span> <span class='ocrx_word' id='word_1_48' title='bbox 369 1115 529 1180; x_wconf 74' lang='lat' dir='ltr'><strong>Secundus,</strong></span> <span class='ocrx_word' id='word_1_49' title='bbox 547 1113 705 1166; x_wconf 74' lang='lat' dir='ltr'><strong>Maternus.</strong></span> <span class='ocrx_word' id='word_1_50' title='bbox 742 1109 819 1180; x_wconf 78' lang='lat' dir='ltr'><strong>Aper</strong></span> <span class='ocrx_word' id='word_1_51' title='bbox 838 1109 949 1166; x_wconf 86' lang='lat' dir='ltr'><strong>saeculi</strong></span> <span class='ocrx_word' id='word_1_52' title='bbox 966 1109 1013 1164; x_wconf 90' lang='lat' dir='ltr'><strong>sui</strong></span> <span class='ocrx_word' id='word_1_53' title='bbox 1031 1115 1127 1179; x_wconf 88' lang='lat' dir='ltr'><strong>partes</strong></span> <span class='ocrx_word' id='word_1_54' title='bbox 1145 1113 1260 1172; x_wconf 89' lang='lat' dir='ltr'><strong>tuetur,</strong></span> <span class='ocrx_word' id='word_1_55' title='bbox 1278 1121 1330 1162; x_wconf 81' lang='lat' dir='ltr'><strong>net</strong></span> 
     </span>
     <span class='ocr_line' id='line_1_8' title="bbox 273 1181 1330 1269; baseline -0.015 -7"><span class='ocrx_word' id='word_1_56' title='bbox 273 1213 386 1262; x_wconf 83' lang='lat' dir='ltr'><strong>veteres</strong></span> <span class='ocrx_word' id='word_1_57' title='bbox 404 1222 467 1258; x_wconf 89' lang='lat' dir='ltr'><strong>esse</strong></span> <span class='ocrx_word' id='word_1_58' title='bbox 484 1203 618 1256; x_wconf 85' lang='lat' dir='ltr'><strong>dicendos</strong></span> <span class='ocrx_word' id='word_1_59' title='bbox 637 1200 762 1266; x_wconf 90' lang='lat' dir='ltr'><strong>iudicat,</strong></span> <span class='ocrx_word' id='word_1_60' title='bbox 792 1217 861 1269; x_wconf 91' lang='lat' dir='ltr'><strong>quos</strong></span> <span class='ocrx_word' id='word_1_61' title='bbox 887 1200 1052 1254; x_wconf 89' lang='lat' dir='ltr'><strong>eorumdem</strong></span> <span class='ocrx_word' id='word_1_62' title='bbox 1073 1181 1227 1252; x_wconf 80' lang='lat' dir='ltr'><strong>homiuum</strong></span> <span class='ocrx_word' id='word_1_63' title='bbox 1245 1211 1330 1248; x_wconf 88' lang='lat' dir='ltr'><strong>aures</strong></span> 
     </span>
     <span class='ocr_line' id='line_1_9' title="bbox 272 1279 1330 1367; baseline -0.015 -17"><span class='ocrx_word' id='word_1_64' title='bbox 272 1297 447 1367; x_wconf 73' lang='lat' dir='ltr'><strong>adgnoscere</strong></span> <span class='ocrx_word' id='word_1_65' title='bbox 465 1291 621 1363; x_wconf 86' lang='lat' dir='ltr'><strong>potuerint.</strong></span> <span class='ocrx_word' id='word_1_66' title='bbox 662 1289 830 1362; x_wconf 79' lang='lat' dir='ltr'><strong>Ciceronem</strong></span> <span class='ocrx_word' id='word_1_67' title='bbox 853 1287 883 1344; x_wconf 82' lang='lat' dir='ltr'><strong>et</strong></span> <span class='ocrx_word' id='word_1_68' title='bbox 901 1279 1084 1353; x_wconf 78' lang='lat' dir='ltr'><strong>coaetaneos,</strong></span> <span class='ocrx_word' id='word_1_69' title='bbox 1106 1287 1168 1340; x_wconf 81' lang='lat' dir='ltr'><strong>lere</strong></span> <span class='ocrx_word' id='word_1_70' title='bbox 1186 1284 1217 1338; x_wconf 88' lang='lat' dir='ltr'><strong>iu</strong></span> <span class='ocrx_word' id='word_1_71' title='bbox 1234 1281 1330 1338; x_wconf 87' lang='lat' dir='ltr'><strong>medio</strong></span> 
     </span>
     <span class='ocr_line' id='line_1_10' title="bbox 272 1371 1360 1452; baseline -0.015 -14"><span class='ocrx_word' id='word_1_72' title='bbox 272 1383 396 1452; x_wconf 90' lang='lat' dir='ltr'><strong>positos,</strong></span> <span class='ocrx_word' id='word_1_73' title='bbox 421 1384 457 1436; x_wconf 87' lang='lat' dir='ltr'><strong>alr</strong></span> <span class='ocrx_word' id='word_1_74' title='bbox 484 1379 668 1450; x_wconf 89' lang='lat' dir='ltr'><strong>antiquorum</strong></span> <span class='ocrx_word' id='word_1_75' title='bbox 692 1377 814 1433; x_wconf 86' lang='lat' dir='ltr'><strong>a&#39;dseclis</strong></span> <span class='ocrx_word' id='word_1_76' title='bbox 841 1375 1088 1431; x_wconf 78' lang='lat' dir='ltr'><strong>istia&#39;aeceuseri.</strong></span> <span class='ocrx_word' id='word_1_77' title='bbox 1139 1376 1174 1429; x_wconf 90' lang='lat' dir='ltr'><strong>ln</strong></span> <span class='ocrx_word' id='word_1_78' title='bbox 1198 1373 1253 1440; x_wconf 90' lang='lat' dir='ltr'><strong>iis,</strong></span> <span class='ocrx_word' id='word_1_79' title='bbox 1281 1371 1331 1440; x_wconf 92' lang='lat' dir='ltr'><strong>qui</strong></span> <span class='ocrx_word' id='word_1_80' title='bbox 1358 1385 1360 1388; x_wconf 87' lang='lat'>·</span> 
     </span>
    </p>
   </div>
   <div class='ocr_carea' id='block_1_6' title="bbox 179 1464 1331 1538">
    <p class='ocr_par' dir='ltr' id='par_1_6' title="bbox 179 1464 1331 1538">
     <span class='ocr_line' id='line_1_11' title="bbox 179 1464 1331 1538; baseline -0.012 -12"><span class='ocrx_word' id='word_1_81' title='bbox 179 1465 188 1484; x_wconf 80' lang='lat'>⁸</span> <span class='ocrx_word' id='word_1_82' title='bbox 272 1476 410 1526; x_wconf 83' lang='lat' dir='ltr'><strong>vocentur</strong></span> <span class='ocrx_word' id='word_1_83' title='bbox 436 1468 565 1538; x_wconf 77' lang='lat' dir='ltr'><strong>antiqui,</strong></span> <span class='ocrx_word' id='word_1_84' title='bbox 578 1471 581 1478; x_wconf 64' lang='lat'><strong>⁴</strong></span> <span class='ocrx_word' id='word_1_85' title='bbox 594 1468 692 1536; x_wconf 88' lang='lat' dir='ltr'><strong>plures</strong></span> <span class='ocrx_word' id='word_1_86' title='bbox 718 1464 893 1536; x_wconf 81' lang='lat' dir='ltr'><strong>deprehendi</strong></span> <span class='ocrx_word' id='word_1_87' title='bbox 919 1464 1042 1534; x_wconf 74' lang='lat' dir='ltr'><strong>species,</strong></span> <span class='ocrx_word' id='word_1_88' title='bbox 1076 1481 1129 1517; x_wconf 90' lang='lat' dir='ltr'><strong>nec</strong></span> <span class='ocrx_word' id='word_1_89' title='bbox 1154 1479 1244 1516; x_wconf 90' lang='lat' dir='ltr'><strong>uuum</strong></span> <span class='ocrx_word' id='word_1_90' title='bbox 1269 1476 1331 1514; x_wconf 90' lang='lat' dir='ltr'><strong>esse</strong></span> 
     </span>
    </p>
   </div>
   <div class='ocr_carea' id='block_1_7' title="bbox 221 1541 1334 1806">
    <p class='ocr_par' dir='ltr' id='par_1_7' title="bbox 221 1541 1331 1806">
     <span class='ocr_line' id='line_1_12' title="bbox 246 1541 1331 1628; baseline -0.012 -15"><span class='ocrx_word' id='word_1_91' title='bbox 246 1559 454 1628; x_wconf 83' lang='lat' dir='ltr'><strong>‘eloquentiae</strong></span> <span class='ocrx_word' id='word_1_92' title='bbox 486 1557 611 1614; x_wconf 84' lang='lat' dir='ltr'><strong>vultum</strong></span> <span class='ocrx_word' id='word_1_93' title='bbox 658 1555 846 1626; x_wconf 82' lang='lat' dir='ltr'><strong>Malignitate</strong></span> <span class='ocrx_word' id='word_1_94' title='bbox 877 1541 1006 1608; x_wconf 83' lang='lat' dir='ltr'><strong>humana</strong></span> <span class='ocrx_word' id='word_1_95' title='bbox 1038 1558 1137 1607; x_wconf 85' lang='lat' dir='ltr'><strong>vetera</strong></span> <span class='ocrx_word' id='word_1_96' title='bbox 1171 1551 1202 1604; x_wconf 89' lang='lat' dir='ltr'><strong>in</strong></span> <span class='ocrx_word' id='word_1_97' title='bbox 1234 1550 1331 1623; x_wconf 90' lang='lat' dir='ltr'><strong>laude</strong></span> 
     </span>
     <span class='ocr_line' id='line_1_13' title="bbox 221 1641 1333 1730; baseline -0.01 -29"><span class='ocrx_word' id='word_1_98' title='bbox 221 1707 227 1720; x_wconf 31' lang='lat' dir='ltr'>x</span> <span class='ocrx_word' id='word_1_99' title='bbox 271 1645 487 1730; x_wconf 85' lang='lat' dir='ltr'><strong>praesentiam</strong></span> <span class='ocrx_word' id='word_1_100' title='bbox 505 1645 626 1700; x_wconf 78' lang='lat' dir='ltr'><strong>fastidit</strong></span> <span class='ocrx_word' id='word_1_101' title='bbox 644 1662 716 1702; x_wconf 89' lang='lat' dir='ltr'><strong>esse</strong></span> <span class='ocrx_word' id='word_1_102' title='bbox 761 1643 805 1700; x_wconf 89' lang='grc'><strong>19.</strong></span> <span class='ocrx_word' id='word_1_103' title='bbox 831 1643 963 1697; x_wconf 82' lang='lat' dir='ltr'><strong>Cassium</strong></span> <span class='ocrx_word' id='word_1_104' title='bbox 980 1641 1136 1706; x_wconf 84' lang='lat' dir='ltr'><strong>Severum,</strong></span> <span class='ocrx_word' id='word_1_105' title='bbox 1161 1655 1246 1708; x_wconf 88' lang='lat' dir='ltr'><strong>quem</strong></span> <span class='ocrx_word' id='word_1_106' title='bbox 1271 1641 1333 1692; x_wconf 88' lang='lat' dir='ltr'><strong>ter-</strong></span> 
     </span>
     <span class='ocr_line' id='line_1_14' title="bbox 272 1724 1334 1806; baseline -0.014 -14"><span class='ocrx_word' id='word_1_107' title='bbox 272 1735 385 1806; x_wconf 76' lang='lat' dir='ltr'><strong>minum</strong></span> <span class='ocrx_word' id='word_1_108' title='bbox 402 1733 586 1802; x_wconf 88' lang='lat' dir='ltr'><strong>antiquitatis</strong></span> <span class='ocrx_word' id='word_1_109' title='bbox 605 1732 793 1800; x_wconf 87' lang='lat' dir='ltr'><strong>constituant,</strong></span> <span class='ocrx_word' id='word_1_110' title='bbox 816 1749 834 1786; x_wconf 89' lang='lat' dir='ltr'><strong>a</strong></span> <span class='ocrx_word' id='word_1_111' title='bbox 851 1738 950 1787; x_wconf 79' lang='lat' dir='ltr'><strong>vetere</strong></span> <span class='ocrx_word' id='word_1_112' title='bbox 968 1730 1083 1784; x_wconf 86' lang='lat' dir='ltr'><strong>flexisse</strong></span> <span class='ocrx_word' id='word_1_113' title='bbox 1102 1728 1152 1783; x_wconf 84' lang='lat' dir='ltr'><strong>via</strong></span> <span class='ocrx_word' id='word_1_114' title='bbox 1169 1743 1226 1780; x_wconf 88' lang='lat' dir='ltr'><strong>uon</strong></span> <span class='ocrx_word' id='word_1_115' title='bbox 1244 1724 1334 1779; x_wconf 86' lang='lat' dir='ltr'><strong>insei-</strong></span> 
     </span>
    </p>
   </div>
   <div class='ocr_carea' id='block_1_8' title="bbox 160 1819 1333 1897">
    <p class='ocr_par' dir='ltr' id='par_1_8' title="bbox 160 1819 1333 1897">
     <span class='ocr_line' id='line_1_15' title="bbox 160 1819 1333 1897; baseline -0.01 -19"><span class='ocrx_word' id='word_1_116' title='bbox 160 1839 164 1844; x_wconf 60' lang='lat'><strong>⁴</strong></span> <span class='ocrx_word' id='word_1_117' title='bbox 272 1823 332 1892; x_wconf 87' lang='lat' dir='ltr'><strong>tia,-</strong></span> <span class='ocrx_word' id='word_1_118' title='bbox 357 1822 408 1876; x_wconf 90' lang='lat' dir='ltr'><strong>sed</strong></span> <span class='ocrx_word' id='word_1_119' title='bbox 431 1820 539 1875; x_wconf 90' lang='lat' dir='ltr'><strong>iudicio</strong></span> <span class='ocrx_word' id='word_1_120' title='bbox 566 1826 594 1897; x_wconf 85' lang='lat' dir='ltr'><strong>et</strong></span> <span class='ocrx_word' id='word_1_121' title='bbox 621 1819 788 1887; x_wconf 87' lang='lat' dir='ltr'><strong>intellectn;</strong></span> <span class='ocrx_word' id='word_1_122' title='bbox 826 1839 891 1875; x_wconf 92' lang='lat' dir='ltr'><strong>cum</strong></span> <span class='ocrx_word' id='word_1_123' title='bbox 917 1821 1081 1878; x_wconf 86' lang='lat' dir='ltr'><strong>conditione</strong></span> <span class='ocrx_word' id='word_1_124' title='bbox 1110 1823 1274 1884; x_wconf 87' lang='lat' dir='ltr'><strong>temporum</strong></span> <span class='ocrx_word' id='word_1_125' title='bbox 1292 1828 1333 1867; x_wconf 87' lang='grc' dir='ltr'><strong>ιι</strong></span> 
     </span>
    </p>
   </div>
   <div class='ocr_carea' id='block_1_9' title="bbox 189 1893 1386 2260">
    <p class='ocr_par' dir='ltr' id='par_1_9' title="bbox 189 1893 1386 2160">
     <span class='ocr_line' id='line_1_16' title="bbox 271 1893 1334 1988; baseline -0.008 -24"><span class='ocrx_word' id='word_1_126' title='bbox 271 1910 444 1988; x_wconf 72' lang='lat' dir='ltr'><strong>diversitate</strong></span> <span class='ocrx_word' id='word_1_127' title='bbox 469 1909 587 1964; x_wconf 86' lang='lat' dir='ltr'><strong>aurium</strong></span> <span class='ocrx_word' id='word_1_128' title='bbox 609 1911 734 1963; x_wconf 83' lang='lat' dir='ltr'><strong>termam</strong></span> <span class='ocrx_word' id='word_1_129' title='bbox 757 1927 888 1978; x_wconf 86' lang='lat' dir='ltr'><strong>quoque</strong></span> <span class='ocrx_word' id='word_1_130' title='bbox 888 1893 1028 1965; x_wconf 83' lang='lat' dir='ltr'><strong>orationis</strong></span> <span class='ocrx_word' id='word_1_131' title='bbox 1047 1905 1138 1962; x_wconf 77' lang='lat' dir='ltr'><strong>finisse</strong></span> <span class='ocrx_word' id='word_1_132' title='bbox 1156 1905 1334 1986; x_wconf 81' lang='lat' dir='ltr'><strong>mutandam</strong></span> 
     </span>
     <span class='ocr_line' id='line_1_17' title="bbox 270 1977 1333 2082; baseline -0.007 -30"><span class='ocrx_word' id='word_1_133' title='bbox 270 1997 317 2058; x_wconf 76' lang='lat'><strong>2⁰.</strong></span> <span class='ocrx_word' id='word_1_134' title='bbox 333 1997 430 2082; x_wconf 84' lang='lat' dir='ltr'><strong>Variis</strong></span> <span class='ocrx_word' id='word_1_135' title='bbox 448 1998 587 2052; x_wconf 90' lang='lat' dir='ltr'><strong>scatuisse</strong></span> <span class='ocrx_word' id='word_1_136' title='bbox 605 2004 734 2070; x_wconf 83' lang='lat' dir='ltr'><strong>veterem</strong></span> <span class='ocrx_word' id='word_1_137' title='bbox 752 1997 948 2068; x_wconf 88' lang='lat' dir='ltr'><strong>eloquentiam</strong></span> <span class='ocrx_word' id='word_1_138' title='bbox 965 1995 1058 2052; x_wconf 84' lang='lat' dir='ltr'><strong>vitiis.</strong></span> <span class='ocrx_word' id='word_1_139' title='bbox 1092 1977 1267 2046; x_wconf 79' lang='lat' dir='ltr'><strong>Auditorum</strong></span> <span class='ocrx_word' id='word_1_140' title='bbox 1284 2008 1333 2046; x_wconf 89' lang='grc' dir='ltr'><strong>ιο·</strong></span> 
     </span>
     <span class='ocr_line' id='line_1_18' title="bbox 189 2063 1386 2160; baseline -0.008 -19"><span class='ocrx_word' id='word_1_141' title='bbox 189 2143 193 2160; x_wconf 50' lang='lat'><strong>,</strong></span> <span class='ocrx_word' id='word_1_142' title='bbox 238 2073 240 2082; x_wconf 56' lang='grc'>’</span> <span class='ocrx_word' id='word_1_143' title='bbox 271 2101 378 2141; x_wconf 88' lang='lat' dir='ltr'><strong>ronam</strong></span> <span class='ocrx_word' id='word_1_144' title='bbox 392 2085 509 2156; x_wconf 81' lang='lat' dir='ltr'><strong>exigere</strong></span> <span class='ocrx_word' id='word_1_145' title='bbox 528 2085 588 2141; x_wconf 90' lang='lat' dir='ltr'><strong>iam</strong></span> <span class='ocrx_word' id='word_1_146' title='bbox 606 2063 762 2156; x_wconf 80' lang='lat' dir='ltr'><strong>leetiprcm</strong></span> <span class='ocrx_word' id='word_1_147' title='bbox 781 2095 810 2138; x_wconf 91' lang='lat' dir='ltr'><strong>et</strong></span> <span class='ocrx_word' id='word_1_148' title='bbox 828 2085 1006 2153; x_wconf 88' lang='lat' dir='ltr'><strong>pulcriorem</strong></span> <span class='ocrx_word' id='word_1_149' title='bbox 1030 2077 1192 2136; x_wconf 86' lang='lat' dir='ltr'><strong>orationem</strong></span> <span class='ocrx_word' id='word_1_150' title='bbox 1213 2085 1243 2132; x_wconf 91' lang='lat' dir='ltr'><strong>et</strong></span> <span class='ocrx_word' id='word_1_151' title='bbox 1263 2096 1333 2149; x_wconf 90' lang='lat' dir='ltr'><strong>pee-</strong></span> <span class='ocrx_word' id='word_1_152' title='bbox 1381 2126 1386 2138; x_wconf 91' lang='grc'><em>,</em></span> 
     </span>
    </p>

    <p class='ocr_par' dir='ltr' id='par_1_10' title="bbox 223 2166 1333 2260">
     <span class='ocr_line' id='line_1_19' title="bbox 223 2166 1333 2260; baseline -0.009 -30"><span class='ocrx_word' id='word_1_153' title='bbox 223 2220 230 2230; x_wconf 46' lang='lat' dir='ltr'><strong>r</strong></span> <span class='ocrx_word' id='word_1_154' title='bbox 272 2174 364 2260; x_wconf 80' lang='lat' dir='ltr'><strong>ticum</strong></span> <span class='ocrx_word' id='word_1_155' title='bbox 383 2173 524 2225; x_wconf 85' lang='lat' dir='ltr'><strong>decorem.</strong></span> <span class='ocrx_word' id='word_1_156' title='bbox 559 2171 662 2230; x_wconf 89' lang='grc'>21.22.</span> <span class='ocrx_word' id='word_1_157' title='bbox 677 2171 827 2224; x_wconf 85' lang='lat' dir='ltr'><strong>Diiudicat</strong></span> <span class='ocrx_word' id='word_1_158' title='bbox 841 2171 907 2224; x_wconf 86' lang='lat' dir='ltr'><strong>dein</strong></span> <span class='ocrx_word' id='word_1_159' title='bbox 919 2175 995 2240; x_wconf 79' lang='lat' dir='ltr'><strong>Aper</strong></span> <span class='ocrx_word' id='word_1_160' title='bbox 1013 2168 1111 2250; x_wconf 73' lang='lat' dir='ltr'><strong>Calvi,</strong></span> <span class='ocrx_word' id='word_1_161' title='bbox 1131 2166 1241 2234; x_wconf 81' lang='lat' dir='ltr'><strong>Caelii,</strong></span> <span class='ocrx_word' id='word_1_162' title='bbox 1260 2169 1333 2222; x_wconf 84' lang='lat' dir='ltr'><strong>Cae·</strong></span> 
     </span>
    </p>
   </div>
   <div class='ocr_carea' id='block_1_10' title="bbox 258 2251 1440 2361">
    <p class='ocr_par' dir='ltr' id='par_1_11' title="bbox 258 2251 1440 2361">
     <span class='ocr_line' id='line_1_20' title="bbox 258 2251 1440 2361; baseline -0.004 -46"><span class='ocrx_word' id='word_1_163' title='bbox 258 2251 364 2323; x_wconf 80' lang='lat' dir='ltr'><strong>-saris,</strong></span> <span class='ocrx_word' id='word_1_164' title='bbox 381 2259 508 2361; x_wconf 65' lang='grc' dir='ltr'><strong>Βιιιιίι</strong></span> <span class='ocrx_word' id='word_1_165' title='bbox 502 2257 611 2324; x_wconf 84' lang='lat' dir='ltr'><strong>lisinii,</strong></span> <span class='ocrx_word' id='word_1_166' title='bbox 634 2257 753 2312; x_wconf 77' lang='lat' dir='ltr'><strong>corriti</strong></span> <span class='ocrx_word' id='word_1_167' title='bbox 772 2257 917 2312; x_wconf 88' lang='lat' dir='ltr'><strong>orationes</strong></span> <span class='ocrx_word' id='word_1_168' title='bbox 937 2264 966 2312; x_wconf 90' lang='lat' dir='ltr'><strong>et</strong></span> <span class='ocrx_word' id='word_1_169' title='bbox 984 2257 1113 2312; x_wconf 90' lang='lat' dir='ltr'><strong>carmina</strong></span> <span class='ocrx_word' id='word_1_170' title='bbox 1131 2261 1161 2312; x_wconf 90' lang='lat' dir='ltr'><strong>et</strong></span> <span class='ocrx_word' id='word_1_171' title='bbox 1179 2251 1332 2325; x_wconf 85' lang='lat' dir='ltr'><strong>praecipue</strong></span> <span class='ocrx_word' id='word_1_172' title='bbox 1439 2309 1440 2330; x_wconf 64' lang='lat'><strong>,</strong></span> 
     </span>
    </p>
   </div>
   <div class='ocr_carea' id='block_1_11' title="bbox 228 2343 1334 2595">
    <p class='ocr_par' dir='ltr' id='par_1_12' title="bbox 228 2343 1334 2595">
     <span class='ocr_line' id='line_1_21' title="bbox 228 2343 1334 2423; baseline -0.006 -19"><span class='ocrx_word' id='word_1_173' title='bbox 228 2365 230 2371; x_wconf 82' lang='grc'>’</span> <span class='ocrx_word' id='word_1_174' title='bbox 273 2347 437 2413; x_wconf 79' lang='lat' dir='ltr'><strong>Ciceronis,</strong></span> <span class='ocrx_word' id='word_1_175' title='bbox 462 2347 544 2401; x_wconf 89' lang='lat' dir='ltr'><strong>cuins</strong></span> <span class='ocrx_word' id='word_1_176' title='bbox 568 2346 669 2414; x_wconf 84' lang='lat' dir='ltr'><strong>laudes</strong></span> <span class='ocrx_word' id='word_1_177' title='bbox 694 2345 774 2400; x_wconf 89' lang='lat' dir='ltr'><strong>canit</strong></span> <span class='ocrx_word' id='word_1_178' title='bbox 797 2353 827 2401; x_wconf 91' lang='lat' dir='ltr'><strong>et</strong></span> <span class='ocrx_word' id='word_1_179' title='bbox 850 2346 925 2400; x_wconf 85' lang='lat' dir='ltr'><strong>vitia</strong></span> <span class='ocrx_word' id='word_1_180' title='bbox 950 2347 1150 2423; x_wconf 84' lang='lat' dir='ltr'><strong>reprehendit,</strong></span> <span class='ocrx_word' id='word_1_181' title='bbox 1178 2359 1251 2414; x_wconf 89' lang='lat' dir='ltr'><strong>quae</strong></span> <span class='ocrx_word' id='word_1_182' title='bbox 1269 2343 1334 2399; x_wconf 77' lang='lat' dir='ltr'><strong>sola</strong></span> 
     </span>
     <span class='ocr_line' id='line_1_22' title="bbox 271 2421 1333 2507; baseline -0.004 -17"><span class='ocrx_word' id='word_1_183' title='bbox 271 2435 417 2507; x_wconf 81' lang='lat' dir='ltr'><strong>perversis</strong></span> <span class='ocrx_word' id='word_1_184' title='bbox 443 2433 641 2489; x_wconf 84' lang='lat' dir='ltr'><strong>imitatoribus</strong></span> <span class='ocrx_word' id='word_1_185' title='bbox 668 2434 809 2502; x_wconf 88' lang='lat' dir='ltr'><strong>placeant.</strong></span> <span class='ocrx_word' id='word_1_186' title='bbox 853 2421 898 2488; x_wconf 74' lang='grc'><strong>23.</strong></span> <span class='ocrx_word' id='word_1_187' title='bbox 921 2435 1027 2488; x_wconf 87' lang='lat' dir='ltr'><strong>Veram</strong></span> <span class='ocrx_word' id='word_1_188' title='bbox 1057 2453 1119 2490; x_wconf 89' lang='lat' dir='ltr'><strong>esse</strong></span> <span class='ocrx_word' id='word_1_189' title='bbox 1150 2433 1333 2503; x_wconf 84' lang='lat' dir='ltr'><strong>eloquentiae</strong></span> 
     </span>
     <span class='ocr_line' id='line_1_23' title="bbox 272 2511 1332 2595; baseline -0.004 -15"><span class='ocrx_word' id='word_1_190' title='bbox 272 2529 381 2590; x_wconf 88' lang='lat' dir='ltr'><strong>artem,</strong></span> <span class='ocrx_word' id='word_1_191' title='bbox 408 2525 593 2595; x_wconf 88' lang='lat' dir='ltr'><strong>antiquorum</strong></span> <span class='ocrx_word' id='word_1_192' title='bbox 617 2521 781 2576; x_wconf 88' lang='lat' dir='ltr'><strong>laetissima</strong></span> <span class='ocrx_word' id='word_1_193' title='bbox 805 2539 933 2592; x_wconf 90' lang='lat' dir='ltr'><strong>quaeque</strong></span> <span class='ocrx_word' id='word_1_194' title='bbox 952 2521 1066 2578; x_wconf 87' lang='lat' dir='ltr'><strong>imitari</strong></span> <span class='ocrx_word' id='word_1_195' title='bbox 1084 2529 1114 2579; x_wconf 91' lang='lat' dir='ltr'><strong>et</strong></span> <span class='ocrx_word' id='word_1_196' title='bbox 1132 2539 1151 2578; x_wconf 86' lang='lat' dir='ltr'><strong>a</strong></span> <span class='ocrx_word' id='word_1_197' title='bbox 1168 2511 1332 2578; x_wconf 84' lang='lat' dir='ltr'><strong>recentibus</strong></span> 
     </span>
    </p>
   </div>
   <div class='ocr_carea' id='block_1_12' title="bbox 186 2611 684 2682">
    <p class='ocr_par' dir='ltr' id='par_1_13' title="bbox 186 2611 684 2682">
     <span class='ocr_line' id='line_1_24' title="bbox 186 2611 684 2682; baseline -0.004 -16"><span class='ocrx_word' id='word_1_198' title='bbox 186 2640 188 2646; x_wconf 95' lang='lat'>·</span> <span class='ocrx_word' id='word_1_199' title='bbox 272 2611 402 2666; x_wconf 77' lang='lat' dir='ltr'><strong>felicitat·</strong></span> <span class='ocrx_word' id='word_1_200' title='bbox 420 2617 536 2682; x_wconf 89' lang='lat' dir='ltr'><strong>reperta</strong></span> <span class='ocrx_word' id='word_1_201' title='bbox 554 2611 684 2666; x_wconf 88' lang='lat' dir='ltr'><strong>miscere.</strong></span> 
     </span>
    </p>
   </div>
   <div class='ocr_carea' id='block_1_13' title="bbox 219 2715 1335 3057">
    <p class='ocr_par' dir='ltr' id='par_1_14' title="bbox 219 2715 1335 2964">
     <span class='ocr_line' id='line_1_25' title="bbox 344 2715 1333 2808; baseline 0.001 -36"><span class='ocrx_word' id='word_1_202' title='bbox 344 2715 390 2772; x_wconf 89' lang='grc'><strong>24.</strong></span> <span class='ocrx_word' id='word_1_203' title='bbox 406 2719 471 2774; x_wconf 87' lang='grc' dir='ltr'>Ιιιι</span> <span class='ocrx_word' id='word_1_204' title='bbox 488 2719 638 2774; x_wconf 85' lang='lat' dir='ltr'><strong>Maternus</strong></span> <span class='ocrx_word' id='word_1_205' title='bbox 657 2719 794 2774; x_wconf 85' lang='lat' dir='ltr'><strong>hortatur</strong></span> <span class='ocrx_word' id='word_1_206' title='bbox 808 2717 982 2808; x_wconf 81' lang='lat' dir='ltr'><strong>Messalam,</strong></span> <span class='ocrx_word' id='word_1_207' title='bbox 1006 2725 1041 2776; x_wconf 89' lang='lat' dir='ltr'><strong>ut</strong></span> <span class='ocrx_word' id='word_1_208' title='bbox 1057 2719 1147 2802; x_wconf 78' lang='lat' dir='ltr'><strong>missa</strong></span> <span class='ocrx_word' id='word_1_209' title='bbox 1165 2718 1333 2774; x_wconf 88' lang='lat' dir='ltr'><strong>laudatione</strong></span> 
     </span>
     <span class='ocr_line' id='line_1_26' title="bbox 219 2767 1335 2890; baseline 0 -29"><span class='ocrx_word' id='word_1_210' title='bbox 219 2799 223 2804; x_wconf 42' lang='lat'>²</span> <span class='ocrx_word' id='word_1_211' title='bbox 274 2767 475 2876; x_wconf 80' lang='lat' dir='ltr'><strong>antiquatum,</strong></span> <span class='ocrx_word' id='word_1_212' title='bbox 500 2808 550 2877; x_wconf 92' lang='lat' dir='ltr'><strong>qui</strong></span> <span class='ocrx_word' id='word_1_213' title='bbox 567 2809 622 2861; x_wconf 92' lang='lat' dir='ltr'><strong>illa</strong></span> <span class='ocrx_word' id='word_1_214' title='bbox 639 2827 696 2862; x_wconf 90' lang='lat' dir='ltr'><strong>nou</strong></span> <span class='ocrx_word' id='word_1_215' title='bbox 712 2806 882 2890; x_wconf 80' lang='lat' dir='ltr'><strong>indigeant,</strong></span> <span class='ocrx_word' id='word_1_216' title='bbox 905 2803 1021 2866; x_wconf 85' lang='grc' dir='ltr'>ιιιιιιιι</span> <span class='ocrx_word' id='word_1_217' title='bbox 1039 2791 1203 2880; x_wconf 82' lang='lat' dir='ltr'><strong>expromat,</strong></span> <span class='ocrx_word' id='word_1_218' title='bbox 1232 2825 1282 2862; x_wconf 91' lang='lat' dir='ltr'><strong>cur</strong></span> <span class='ocrx_word' id='word_1_219' title='bbox 1301 2807 1335 2862; x_wconf 91' lang='lat' dir='ltr'><strong>iu</strong></span> 
     </span>
     <span class='ocr_line' id='line_1_27' title="bbox 256 2895 1334 2968; baseline -0.004 -14"><span class='ocrx_word' id='word_1_220' title='bbox 256 2945 259 2954; x_wconf 78' lang='grc'>,</span> <span class='ocrx_word' id='word_1_221' title='bbox 274 2899 389 2968; x_wconf 78' lang='lat' dir='ltr'><strong>tantum</strong></span> <span class='ocrx_word' id='word_1_222' title='bbox 401 2895 437 2949; x_wconf 81' lang='lat' dir='ltr'><strong>ab</strong></span> <span class='ocrx_word' id='word_1_223' title='bbox 451 2909 550 2948; x_wconf 87' lang='lat' dir='ltr'><strong>eornm</strong></span> <span class='ocrx_word' id='word_1_224' title='bbox 564 2895 729 2964; x_wconf 88' lang='lat' dir='ltr'><strong>eloquentia</strong></span> <span class='ocrx_word' id='word_1_225' title='bbox 743 2900 897 2952; x_wconf 88' lang='lat' dir='ltr'><strong>recesserit</strong></span> <span class='ocrx_word' id='word_1_226' title='bbox 909 2898 1055 2968; x_wconf 87' lang='lat' dir='ltr'><strong>&#39;recentior</strong></span> <span class='ocrx_word' id='word_1_227' title='bbox 1068 2903 1158 2955; x_wconf 89' lang='lat' dir='ltr'><strong>aetas.</strong></span> <span class='ocrx_word' id='word_1_228' title='bbox 1193 2895 1236 2950; x_wconf 87' lang='grc'><strong>25</strong></span> <span class='ocrx_word' id='word_1_229' title='bbox 1253 2897 1334 2950; x_wconf 86' lang='lat' dir='ltr'><strong>Mes·</strong></span> 
     </span>
    </p>

    <p class='ocr_par' dir='ltr' id='par_1_15' title="bbox 220 2963 1335 3057">
     <span class='ocr_line' id='line_1_28' title="bbox 220 2963 1335 3057; baseline -0.001 -20"><span class='ocrx_word' id='word_1_230' title='bbox 220 3041 222 3046; x_wconf 67' lang='grc'>,</span> <span class='ocrx_word' id='word_1_231' title='bbox 266 2985 338 3038; x_wconf 74' lang='lat' dir='ltr'><strong>sala</strong></span> <span class='ocrx_word' id='word_1_232' title='bbox 356 2963 469 3057; x_wconf 83' lang='lat' dir='ltr'><strong>mouet,</strong></span> <span class='ocrx_word' id='word_1_233' title='bbox 494 2980 611 3049; x_wconf 88' lang='lat' dir='ltr'><strong>quinam</strong></span> <span class='ocrx_word' id='word_1_234' title='bbox 629 2980 742 3049; x_wconf 89' lang='lat' dir='ltr'><strong>antiqui</strong></span> <span class='ocrx_word' id='word_1_235' title='bbox 760 2984 888 3048; x_wconf 82' lang='lat' dir='ltr'><strong>dicendi3</strong></span> <span class='ocrx_word' id='word_1_236' title='bbox 913 2984 1010 3050; x_wconf 88' lang='lat' dir='ltr'><strong>plures</strong></span> <span class='ocrx_word' id='word_1_237' title='bbox 1029 2981 1120 3036; x_wconf 84' lang='lat' dir='ltr'><strong>inisse</strong></span> <span class='ocrx_word' id='word_1_238' title='bbox 1139 2979 1254 3052; x_wconf 82' lang='lat' dir='ltr'><strong>dicendi</strong></span> <span class='ocrx_word' id='word_1_239' title='bbox 1273 2985 1335 3036; x_wconf 85' lang='lat' dir='ltr'><strong>lor-</strong></span> 
     </span>
    </p>
   </div>
   <div class='ocr_carea' id='block_1_14' title="bbox 273 3063 1440 3314">
    <p class='ocr_par' dir='ltr' id='par_1_16' title="bbox 273 3039 1440 3314">
     <span class='ocr_line' id='line_1_29' title="bbox 273 3063 1440 3140; baseline 0.002 -16"><span class='ocrx_word' id='word_1_240' title='bbox 273 3087 337 3130; x_wconf 83' lang='lat' dir='ltr'><strong>mas</strong></span> <span class='ocrx_word' id='word_1_241' title='bbox 361 3063 466 3124; x_wconf 83' lang='lat' dir='ltr'><strong>iisdem</strong></span> <span class='ocrx_word' id='word_1_242' title='bbox 491 3067 630 3134; x_wconf 76' lang='lat' dir='ltr'><strong>saeculis3</strong></span> <span class='ocrx_word' id='word_1_243' title='bbox 656 3067 740 3122; x_wconf 88' lang='lat' dir='ltr'><strong>docet</strong></span> <span class='ocrx_word' id='word_1_244' title='bbox 765 3069 834 3138; x_wconf 89' lang='lat' dir='ltr'><strong>quid</strong></span> <span class='ocrx_word' id='word_1_245' title='bbox 858 3065 1038 3124; x_wconf 87' lang='lat' dir='ltr'><strong>sentiendum</strong></span> <span class='ocrx_word' id='word_1_246' title='bbox 1056 3069 1096 3124; x_wconf 87' lang='lat' dir='ltr'><strong>sit</strong></span> <span class='ocrx_word' id='word_1_247' title='bbox 1115 3069 1149 3123; x_wconf 88' lang='lat' dir='ltr'><strong>de</strong></span> <span class='ocrx_word' id='word_1_248' title='bbox 1169 3069 1336 3140; x_wconf 85' lang='lat' dir='ltr'><strong>eloquentia</strong></span> <span class='ocrx_word' id='word_1_249' title='bbox 1439 3065 1440 3126; x_wconf 69' lang='lat' dir='ltr'><strong>l</strong></span> 
     </span>
     <span class='ocr_line' id='line_1_30' title="bbox 275 3157 1440 3227; baseline 0 -15"><span class='ocrx_word' id='word_1_250' title='bbox 275 3157 361 3212; x_wconf 76' lang='lat' dir='ltr'><strong>Calvi</strong></span> <span class='ocrx_word' id='word_1_251' title='bbox 385 3162 414 3212; x_wconf 93' lang='lat' dir='ltr'><strong>et</strong></span> <span class='ocrx_word' id='word_1_252' title='bbox 439 3163 617 3224; x_wconf 86' lang='lat' dir='ltr'><strong>ceterorum,</strong></span> <span class='ocrx_word' id='word_1_253' title='bbox 643 3157 678 3210; x_wconf 91' lang='lat' dir='ltr'><strong>de</strong></span> <span class='ocrx_word' id='word_1_254' title='bbox 704 3157 807 3226; x_wconf 90' lang='lat' dir='ltr'><strong>quibus</strong></span> <span class='ocrx_word' id='word_1_255' title='bbox 831 3175 898 3212; x_wconf 84' lang='lat' dir='ltr'><strong>mox</strong></span> <span class='ocrx_word' id='word_1_256' title='bbox 915 3157 1174 3226; x_wconf 37' lang='lat' dir='ltr'><strong>xdictnnseddit,</strong></span> <span class='ocrx_word' id='word_1_257' title='bbox 1202 3157 1277 3227; x_wconf 87' lang='lat' dir='ltr'><strong>quod</strong></span> <span class='ocrx_word' id='word_1_258' title='bbox 1302 3178 1334 3215; x_wconf 89' lang='lat' dir='ltr'><strong>se</strong></span> <span class='ocrx_word' id='word_1_259' title='bbox 1439 3199 1440 3212; x_wconf 42' lang='lat' dir='ltr'><strong>r</strong></span> 
     </span>
     <span class='ocr_line' id='line_1_31' title="bbox 276 3243 1440 3314; baseline 0.005 -14"><span class='ocrx_word' id='word_1_260' title='bbox 276 3245 468 3314; x_wconf 78' lang='lat' dir='ltr'><strong>obtrectarint</strong></span> <span class='ocrx_word' id='word_1_261' title='bbox 487 3245 625 3312; x_wconf 72' lang='lat' dir='ltr'><strong>invicem,</strong></span> <span class='ocrx_word' id='word_1_262' title='bbox 643 3243 750 3299; x_wconf 84' lang='lat' dir='ltr'><strong>vitium</strong></span> <span class='ocrx_word' id='word_1_263' title='bbox 770 3263 906 3302; x_wconf 84' lang='lat' dir='ltr'><strong>essenon</strong></span> <span class='ocrx_word' id='word_1_264' title='bbox 924 3253 1087 3314; x_wconf 80' lang='lat' dir='ltr'><strong>oratorum,</strong></span> <span class='ocrx_word' id='word_1_265' title='bbox 1107 3246 1157 3302; x_wconf 85' lang='lat' dir='ltr'><strong>aed</strong></span> <span class='ocrx_word' id='word_1_266' title='bbox 1174 3246 1336 3306; x_wconf 88' lang='lat' dir='ltr'><strong>hominum.</strong></span> <span class='ocrx_word' id='word_1_267' title='bbox 1439 3243 1440 3306; x_wconf 65' lang='lat' dir='ltr'><strong>l</strong></span> 
     </span>
    </p>
   </div>
   <div class='ocr_carea' id='block_1_15' title="bbox 276 3325 1335 3414">
    <p class='ocr_par' dir='ltr' id='par_1_17' title="bbox 276 3325 1335 3414">
     <span class='ocr_line' id='line_1_32' title="bbox 276 3325 1335 3414; baseline 0.003 -23"><span class='ocrx_word' id='word_1_268' title='bbox 276 3335 374 3391; x_wconf 60' lang='lat' dir='ltr'><strong>26.ss</strong></span> <span class='ocrx_word' id='word_1_269' title='bbox 398 3333 524 3388; x_wconf 84' lang='lat' dir='ltr'><strong>Gracchi</strong></span> <span class='ocrx_word' id='word_1_270' title='bbox 549 3333 690 3404; x_wconf 86' lang='lat' dir='ltr'><strong>impetum</strong></span> <span class='ocrx_word' id='word_1_271' title='bbox 713 3339 742 3388; x_wconf 92' lang='lat' dir='ltr'><strong>et</strong></span> <span class='ocrx_word' id='word_1_272' title='bbox 766 3335 797 3392; x_wconf 81' lang='grc' dir='ltr'><strong>Ιι,</strong></span> <span class='ocrx_word' id='word_1_273' title='bbox 821 3325 920 3389; x_wconf 69' lang='lat' dir='ltr'><strong>Crassi</strong></span> <span class='ocrx_word' id='word_1_274' title='bbox 933 3325 1144 3390; x_wconf 73' lang='lat' dir='ltr'><strong>&#39;maturitatem</strong></span> <span class='ocrx_word' id='word_1_275' title='bbox 1167 3337 1335 3414; x_wconf 65' lang='lat' dir='ltr'><strong>praeiereu7</strong></span> 
     </span>
    </p>
   </div>
   <div class='ocr_carea' id='block_1_16' title="bbox 277 3395 1440 3480">
    <p class='ocr_par' dir='ltr' id='par_1_18' title="bbox 277 3395 1440 3480">
     <span class='ocr_line' id='line_1_33' title="bbox 277 3395 1440 3480; baseline 0.003 -4"><span class='ocrx_word' id='word_1_276' title='bbox 277 3423 345 3476; x_wconf 89' lang='lat' dir='ltr'><strong>dam</strong></span> <span class='ocrx_word' id='word_1_277' title='bbox 363 3439 425 3476; x_wconf 88' lang='lat' dir='ltr'><strong>esse</strong></span> <span class='ocrx_word' id='word_1_278' title='bbox 445 3422 620 3478; x_wconf 88' lang='lat' dir='ltr'><strong>calamistris</strong></span> <span class='ocrx_word' id='word_1_279' title='bbox 637 3421 813 3478; x_wconf 86' lang='lat' dir='ltr'><strong>Maecenatis</strong></span> <span class='ocrx_word' id='word_1_280' title='bbox 833 3431 884 3478; x_wconf 90' lang='lat' dir='ltr'><strong>aut</strong></span> <span class='ocrx_word' id='word_1_281' title='bbox 903 3425 1055 3480; x_wconf 87' lang='lat' dir='ltr'><strong>tinnitibus</strong></span> <span class='ocrx_word' id='word_1_282' title='bbox 1073 3415 1229 3479; x_wconf 84' lang='lat' dir='ltr'><strong>Gallionis.</strong></span> <span class='ocrx_word' id='word_1_283' title='bbox 1264 3425 1334 3480; x_wconf 82' lang='lat' dir='ltr'><strong>cas-</strong></span> <span class='ocrx_word' id='word_1_284' title='bbox 1439 3395 1440 3450; x_wconf 50' lang='lat' dir='ltr'><strong>i</strong></span> 
     </span>
    </p>
   </div>
   <div class='ocr_carea' id='block_1_17' title="bbox 276 3507 1335 3852">
    <p class='ocr_par' dir='ltr' id='par_1_19' title="bbox 276 3507 1335 3852">
     <span class='ocr_line' id='line_1_34' title="bbox 277 3507 1335 3588; baseline 0.002 -22"><span class='ocrx_word' id='word_1_285' title='bbox 277 3510 354 3566; x_wconf 87' lang='lat' dir='ltr'><strong>sium</strong></span> <span class='ocrx_word' id='word_1_286' title='bbox 372 3507 511 3566; x_wconf 82' lang='lat' dir='ltr'><strong>Severum</strong></span> <span class='ocrx_word' id='word_1_287' title='bbox 537 3528 638 3582; x_wconf 88' lang='lat' dir='ltr'><strong>parum</strong></span> <span class='ocrx_word' id='word_1_288' title='bbox 655 3511 764 3568; x_wconf 79' lang='lat' dir='ltr'><strong>hebere</strong></span> <span class='ocrx_word' id='word_1_289' title='bbox 784 3513 931 3585; x_wconf 82' lang='lat' dir='ltr'><strong>sanguinis</strong></span> <span class='ocrx_word' id='word_1_290' title='bbox 950 3519 979 3570; x_wconf 90' lang='lat' dir='ltr'><strong>et</strong></span> <span class='ocrx_word' id='word_1_291' title='bbox 996 3513 1093 3588; x_wconf 72' lang='lat' dir='ltr'><strong>rixare</strong></span> <span class='ocrx_word' id='word_1_292' title='bbox 1112 3513 1221 3584; x_wconf 83' lang='lat' dir='ltr'><strong>magis,</strong></span> <span class='ocrx_word' id='word_1_293' title='bbox 1247 3531 1335 3583; x_wconf 90' lang='lat' dir='ltr'><strong>quam</strong></span> 
     </span>
     <span class='ocr_line' id='line_1_35' title="bbox 276 3598 1334 3672; baseline 0.004 -19"><span class='ocrx_word' id='word_1_294' title='bbox 276 3615 420 3672; x_wconf 81' lang='lat' dir='ltr'><strong>pugnare,</strong></span> <span class='ocrx_word' id='word_1_295' title='bbox 444 3616 497 3652; x_wconf 88' lang='lat' dir='ltr'><strong>nee</strong></span> <span class='ocrx_word' id='word_1_296' title='bbox 520 3598 659 3655; x_wconf 87' lang='lat' dir='ltr'><strong>adtulisse</strong></span> <span class='ocrx_word' id='word_1_297' title='bbox 677 3603 801 3672; x_wconf 84' lang='lat' dir='ltr'><strong>Aprum,</strong></span> <span class='ocrx_word' id='word_1_298' title='bbox 828 3621 911 3672; x_wconf 86' lang='lat' dir='ltr'><strong>quern</strong></span> <span class='ocrx_word' id='word_1_299' title='bbox 929 3602 1062 3657; x_wconf 81' lang='lat' dir='ltr'><strong>Ciceroni</strong></span> <span class='ocrx_word' id='word_1_300' title='bbox 1080 3602 1128 3655; x_wconf 86' lang='lat' dir='ltr'><strong>vel</strong></span> <span class='ocrx_word' id='word_1_301' title='bbox 1146 3602 1264 3656; x_wconf 83' lang='lat' dir='ltr'><strong>Caesari</strong></span> <span class='ocrx_word' id='word_1_302' title='bbox 1282 3619 1334 3671; x_wconf 87' lang='lat' dir='ltr'><strong>op-</strong></span> 
     </span>
     <span class='ocr_line' id='line_1_36' title="bbox 276 3687 1334 3761; baseline 0.002 -18"><span class='ocrx_word' id='word_1_303' title='bbox 276 3693 405 3757; x_wconf 88' lang='lat' dir='ltr'><strong>poneret.</strong></span> <span class='ocrx_word' id='word_1_304' title='bbox 458 3688 583 3743; x_wconf 74' lang='grc'>24-29.</span> <span class='ocrx_word' id='word_1_305' title='bbox 611 3692 731 3745; x_wconf 86' lang='lat' dir='ltr'><strong>Petente</strong></span> <span class='ocrx_word' id='word_1_306' title='bbox 761 3689 908 3758; x_wconf 85' lang='lat' dir='ltr'><strong>Materno,</strong></span> <span class='ocrx_word' id='word_1_307' title='bbox 943 3691 979 3746; x_wconf 88' lang='lat' dir='ltr'><strong>ad</strong></span> <span class='ocrx_word' id='word_1_308' title='bbox 1006 3687 1188 3761; x_wconf 77' lang='lat' dir='ltr'><strong>explicandos</strong></span> <span class='ocrx_word' id='word_1_309' title='bbox 1216 3705 1334 3745; x_wconf 78' lang='lat' dir='ltr'><strong>caunas</strong></span> 
     </span>
     <span class='ocr_line' id='line_1_37' title="bbox 277 3765 1335 3852; baseline 0.004 -22"><span class='ocrx_word' id='word_1_310' title='bbox 277 3776 383 3830; x_wconf 87' lang='lat' dir='ltr'><strong>transit</strong></span> <span class='ocrx_word' id='word_1_311' title='bbox 394 3775 537 3844; x_wconf 90' lang='lat' dir='ltr'><strong>Messala,</strong></span> <span class='ocrx_word' id='word_1_312' title='bbox 555 3793 606 3831; x_wconf 85' lang='lat' dir='ltr'><strong>cur</strong></span> <span class='ocrx_word' id='word_1_313' title='bbox 621 3773 792 3847; x_wconf 81' lang='lat' dir='ltr'><strong>eloquentia</strong></span> <span class='ocrx_word' id='word_1_314' title='bbox 803 3783 1064 3852; x_wconf 60' lang='lat' dir='ltr'><strong>ceteraequeartes</strong></span> <span class='ocrx_word' id='word_1_315' title='bbox 1083 3797 1100 3836; x_wconf 88' lang='lat' dir='ltr'><strong>a</strong></span> <span class='ocrx_word' id='word_1_316' title='bbox 1118 3786 1217 3834; x_wconf 83' lang='lat' dir='ltr'><strong>vetere</strong></span> <span class='ocrx_word' id='word_1_317' title='bbox 1235 3765 1335 3851; x_wconf 77' lang='lat' dir='ltr'><strong>gloria</strong></span> 
     </span>
    </p>
   </div>
   <div class='ocr_carea' id='block_1_18' title="bbox 207 3859 1360 4202">
    <p class='ocr_par' dir='ltr' id='par_1_20' title="bbox 207 3859 1333 4202">
     <span class='ocr_line' id='line_1_38' title="bbox 207 3859 1333 3942; baseline 0.004 -25"><span class='ocrx_word' id='word_1_318' title='bbox 207 3880 210 3890; x_wconf 76' lang='lat'><strong><em>¹</em></strong></span> <span class='ocrx_word' id='word_1_319' title='bbox 276 3865 464 3932; x_wconf 87' lang='lat' dir='ltr'><strong>desciverint,</strong></span> <span class='ocrx_word' id='word_1_320' title='bbox 490 3865 631 3920; x_wconf 89' lang='lat' dir='ltr'><strong>desidiam</strong></span> <span class='ocrx_word' id='word_1_321' title='bbox 656 3865 845 3937; x_wconf 82' lang='lat' dir='ltr'><strong>iuventutis,·</strong></span> <span class='ocrx_word' id='word_1_322' title='bbox 861 3870 1071 3942; x_wconf 82' lang='lat' dir='ltr'><strong>negligentiam</strong></span> <span class='ocrx_word' id='word_1_323' title='bbox 1087 3859 1262 3938; x_wconf 83' lang='lat' dir='ltr'><strong>pareutum,</strong></span> <span class='ocrx_word' id='word_1_324' title='bbox 1286 3867 1333 3923; x_wconf 89' lang='lat' dir='ltr'><strong>in-</strong></span> 
     </span>
     <span class='ocr_line' id='line_1_39' title="bbox 246 3951 1332 4029; baseline 0.004 -21"><span class='ocrx_word' id='word_1_325' title='bbox 246 3969 248 3976; x_wconf 90' lang='lat'>·</span> <span class='ocrx_word' id='word_1_326' title='bbox 277 3951 429 4029; x_wconf 87' lang='lat' dir='ltr'><strong>scientiam</strong></span> <span class='ocrx_word' id='word_1_327' title='bbox 447 3953 686 4023; x_wconf 83' lang='lat' dir='ltr'><strong>praecipientium</strong></span> <span class='ocrx_word' id='word_1_328' title='bbox 707 3961 736 4012; x_wconf 91' lang='lat' dir='ltr'><strong>et</strong></span> <span class='ocrx_word' id='word_1_329' title='bbox 755 3957 930 4012; x_wconf 77' lang='lat' dir='ltr'><strong>oblivionem</strong></span> <span class='ocrx_word' id='word_1_330' title='bbox 953 3959 1042 4014; x_wconf 88' lang='lat' dir='ltr'><strong>moris</strong></span> <span class='ocrx_word' id='word_1_331' title='bbox 1066 3957 1187 4027; x_wconf 85' lang='lat' dir='ltr'><strong>antiqui.</strong></span> <span class='ocrx_word' id='word_1_332' title='bbox 1227 3957 1332 4012; x_wconf 86' lang='lat' dir='ltr'><strong>Osten-</strong></span> 
     </span>
     <span class='ocr_line' id='line_1_40' title="bbox 249 4033 1360 4111; baseline 0.005 -16"><span class='ocrx_word' id='word_1_333' title='bbox 249 4023 336 4107; x_wconf 59' lang='lat' dir='ltr'><strong>Udi‘t‘,</strong></span> <span class='ocrx_word' id='word_1_334' title='bbox 355 4043 429 4111; x_wconf 85' lang='lat' dir='ltr'><strong>apud</strong></span> <span class='ocrx_word' id='word_1_335' title='bbox 448 4042 580 4111; x_wconf 85' lang='lat' dir='ltr'><strong>antiquas</strong></span> <span class='ocrx_word' id='word_1_336' title='bbox 599 4059 730 4098; x_wconf 82' lang='lat' dir='ltr'><strong>severam</strong></span> <span class='ocrx_word' id='word_1_337' title='bbox 748 4050 778 4099; x_wconf 91' lang='lat' dir='ltr'><strong>et</strong></span> <span class='ocrx_word' id='word_1_338' title='bbox 796 4043 924 4101; x_wconf 75' lang='lat' dir='ltr'><strong>auretam</strong></span> <span class='ocrx_word' id='word_1_339' title='bbox 942 4047 1031 4102; x_wconf 83' lang='lat' dir='ltr'><strong>luisse</strong></span> <span class='ocrx_word' id='word_1_340' title='bbox 1049 4046 1210 4101; x_wconf 86' lang='lat' dir='ltr'><strong>liberorum</strong></span> <span class='ocrx_word' id='word_1_341' title='bbox 1229 4047 1360 4100; x_wconf 82' lang='lat' dir='ltr'><strong>educa·-</strong></span> 
     </span>
     <span class='ocr_line' id='line_1_41' title="bbox 276 4129 1331 4202; baseline 0.002 -16"><span class='ocrx_word' id='word_1_342' title='bbox 276 4129 400 4198; x_wconf 68' lang='lat' dir='ltr'><strong>tionem</strong></span> <span class='ocrx_word' id='word_1_343' title='bbox 431 4131 508 4202; x_wconf 86' lang='lat' dir='ltr'><strong>apud</strong></span> <span class='ocrx_word' id='word_1_344' title='bbox 530 4131 705 4189; x_wconf 85' lang='lat' dir='ltr'><strong>recentiores</strong></span> <span class='ocrx_word' id='word_1_345' title='bbox 735 4135 771 4188; x_wconf 90' lang='lat' dir='ltr'><strong>ad</strong></span> <span class='ocrx_word' id='word_1_346' title='bbox 795 4134 999 4192; x_wconf 86' lang='lat' dir='ltr'><strong>histrionalern</strong></span> <span class='ocrx_word' id='word_1_347' title='bbox 1023 4137 1154 4190; x_wconf 84' lang='lat' dir='ltr'><strong>levorem</strong></span> <span class='ocrx_word' id='word_1_348' title='bbox 1178 4132 1331 4190; x_wconf 77' lang='lat' dir='ltr'><strong>dederisne</strong></span> 
     </span>
    </p>
   </div>
   <div class='ocr_carea' id='block_1_19' title="bbox 0 0 1460 4842">
    <p class='ocr_par' dir='ltr' id='par_1_21' title="bbox 0 0 1460 4842">
     <span class='ocr_line' id='line_1_42' title="bbox 0 0 1460 4842; baseline 0 0"><span class='ocrx_word' id='word_1_349' title='bbox 0 0 1460 4842; x_wconf 95' lang='lat' dir='ltr'><strong> </strong></span> 
     </span>
    </p>
   </div>
  </div>
 </body>
</html>
