2904 4842
654 429 685 464 „
769 372 823 446 42

272 543 356 611 ttoni
378 551 497 621 artem
527 545 615 610 looos
637 547 784 629 ιιιιιιιμιιι1
813 547 962 611 laetiores
985 547 1152 612 attentavit
1170 553 1206 612 et
1228 569 1323 632 qnas-

267 633 347 698 dam
368 635 543 702 sententias
566 638 704 712 invenit,
735 637 846 716 utique
867 638 901 698 in
922 636 973 712 lois
996 638 1213 714 orationibus,
1242 659 1323 718 qnae

267 723 383 786 senior
403 725 465 786 iam
487 729 521 786 et
541 724 627 785 iuxta
649 725 745 786 finem
764 725 848 786 vitae
870 728 1062 807 composuit,
1084 723 1210 801 idest,
1232 735 1322 807 post-
1367 795 1369 802 χ

271 809 366 890 qnam
388 813 485 894 magis
506 812 705 892 profecerat,
728 809 850 893 ns'uque
870 820 903 874 et
919 815 1142 894 experimentis
1159 812 1325 891 didicerat,

273 899 358 978 quod
380 901 531 982 optimum
556 899 680 961 ditendi
701 920 800 981 genua
828 902 950 962 crocet.
1003 900 1083 964 Nam
1104 902 1228 982 priores
1253 903 1323 968 eiua

272 987 431 1049 orationes
461 1005 523 1048 non
553 994 663 1048 carent
697 989 782 1050 vitiis
814 989 1028 1068 antiquitatis:
1061 989 1168 1054 leatus
1205 995 1255 1050 eat
1286 993 1323 1054 in

268 1075 454 1158 principiis,
484 1070 598 1155 longus
620 1069 662 1161 in
678 1078 928 1151 narrationibus,
958 1078 1079 1138 otiosus
1103 1078 1187 1137 cirea
1211 1072 1322 1141 cices-

270 1179 343 1240 sns,
372 1163 463 1223 tarde
494 1169 723 1240 commovetur,
753 1185 826 1225 raro
858 1163 1040 1225 incalescit:
1080 1165 1175 1246 pauci
1206 1183 1321 1228 sensns
1362 1171 1365 1180 ¹

267 1241 368 1330 aptc³
386 1255 424 1337 ‘et
448 1269 519 1310 cum
536 1251 668 1331 quodam
691 1253 810 1314 lumine
832 1250 1085 1312 terminanturie
1107 1251 1189 1312 nihil
1212 1263 1321 1314 excer‘-

267 1353 366 1416 pere,
396 1337 502 1398 nilnil⁵
523 1339 648 1401 referre
669 1343 790 1420 possis:
818 1346 874 1414 ct,
901 1339 990 1400 velut
1011 1341 1045 1400 in
1070 1339 1144 1401 rudi
1166 1339 1322 1418 aedilicio,

268 1421 379 1485 firmus
404 1444 479 1488 sane
500 1429 605 1508 paries
630 1432 662 1488 et
684 1429 886 1502 duraturus,
901 1428 958 1489 sed
977 1447 1040 1489 non
1062 1429 1139 1488 satis
1162 1428 1322 1508 expolitus

269 1516 303 1572 et
332 1511 515 1595 splendens.
574 1515 643 1595 Ego
673 1524 777 1578 autem
808 1519 984 1591 oratorem,
1015 1516 1097 1578 sicut
1128 1515 1324 1596 locupletem

268 1617 305 1658 ac
323 1597 507 1662 laudatnm⁶
528 1610 650 1682 patrem
669 1603 826 1679 familiae,
847 1621 911 1664 non
933 1623 970 1664 eo
994 1608 1117 1665 tantum
1139 1603 1211 1663 volo
1234 1607 1324 1664 teoto

263 1689 353 1772 tagi,
381 1690 466 1769 qnod
486 1691 644 1750 imbrem⁷
666 1712 703 1751 ac
722 1696 859 1753 rentum
880 1697 1006 1766 arceat,
1034 1691 1096 1770 sed
1119 1691 1214 1751 etiam
1237 1691 1324 1771 quod

266 1774 368 1834 visum
391 1781 425 1836 et
447 1776 557 1838 oculos
585 1778 743 1840 delectet:
776 1797 841 1840 non
874 1799 910 1840 ca
939 1779 1043 1840 solnm
1070 1779 1188 1840 instrui
1211 1778 1321 1859 supel-

266 1859 394 1942 lectilc,
418 1882 498 1946 quae
516 1868 706 1929 necessariis
730 1868 850 1937 usibus„
866 1857 1024 1943 sufficiatg
1053 1868 1112 1929 sed
1135 1867 1257 1928 etiam⁸
1281 1867 1353 1928 sit.

266 2041 311 2088 eat
324 2036 452 2094 emtore
462 2040 606 2104 delectum,
624 2043 699 2110 qnod
715 2041 781 2110 pari
806 2049 893 2112 optet:
911 2048 941 2095 et
956 2040 997 2094 aie
1011 2041 1073 2093 iere
1088 2040 1159 2092 Edd.
1170 2044 1249 2093 rett'
1258 2055 1324 2092 oum

264 2103 330 2158 iure
347 2107 478 2162 dativum
496 2111 655 2166 adsciscere
669 2119 779 2180 potest,
807 2113 881 2176 nlo„
894 2127 966 2178 quae
977 2120 1030 2176 opt.
1040 2120 1064 2162 et
1075 2110 1220 2162 exhibent.
1239 2111 1324 2163 Alter

265 2191 320 2242 ouo
330 2177 430 2232 Cicero
439 2179 544 2234 deFin.
551 2183 585 2244 V,
596 2181 640 2247 30,
652 2182 688 2234 9⁰
702 2187 779 2233 recte
807 2182 871 2233 Vet.
886 2182 951 2247 opti.
976 2179 1074 2231 Editio
1089 2180 1235 2245 Romamn.
1248 2185 1323 2234 teste

263 2245 337 2302 dixit
351 2249 489 2302 *omem
517 2253 641 2304 adhibere
667 2253 703 2302 od
727 2252 780 2301 oli-
808 2247 920 2318 lipsio,
939 2266 1033 2309 seusus
1050 2266 1158 2317 opacos.

263 2333 345 2384 poem
361 2335 427 2372 reon
469 2321 627 2378 Praeterea
652 2320 779 2386 aequalis
843 2319 1118 2380 ruodmannum
1141 2320 1206 2373 Alo.
1228 2321 1322 2373 termi-

263 2386 461 2443 membrorum
482 2389 779 2442 orationis'iunctura
806 2397 898 2440 nator.
928 2388 1110 2456 -ltepositum
1136 2389 1247 2443 invenit
1274 2391 1325 2443 Pi-

262 2456 456 2523 repudiatae,
475 2463 504 2510 et
522 2460 650 2524 postulat
662 2468 696 2510 et.
806 2457 931 2528 thaeus.¹

229 2529 232 2548 ¹
297 2526 403 2580 tEdd.
430 2525 499 2581 tete
520 2545 583 2581 cum
609 2530 672 2581 Alo.
696 2531 778 2581 locoo-'
840 2530 942 2582 olleo
960 2546 975 2581 e
991 2528 1068 2586 libro
1087 2548 1139 2584 suo
1157 2531 1237 2584 dedit
1254 2529 1323 2600 laip-

262 2615 329 2666 5⁸⁶³
354 2599 524 2668 quodcum
553 2599 679 2652 lectione
704 2616 778 2652 nunc
807 2597 876 2663 sius,
890 2607 918 2652 et
931 2599 1021 2653 secuti
1035 2607 1101 2655 sunt
1113 2601 1228 2670 reliqui.
1248 2601 1323 2670 Spir.

145 2680 153 2700 ⁸
259 2672 301 2725 ‘ab
317 2669 449 2724 omnibns
466 2677 581 2738 recepta
600 2676 779 2722 commutan-
806 2669 875 2724 atta
888 2688 920 2722 eo
933 2675 1060 2740 tempore,
1074 2673 1151 2726 citit.
1189 2673 1324 2730 Alterum

264 2739 333 2793 dum
349 2740 408 2794 iam
423 2741 554 2794 Muretus
573 2740 683 2808 aliique
698 2740 779 2797 sido·
805 2743 875 2794 nihil
889 2740 999 2795 delevit
1013 2743 1141 2808 Puteol.‚
1155 2746 1185 2795 et
1200 2742 1267 2794 hinc
1280 2743 1323 2806 ita

263 2817 339 2868 tunt.
353 2811 779 2880 EtoomprobetumdeditBro-
807 2811 951 2879 plurimae
969 2813 1038 2864 Edd.
1054 2819 1125 2867 vett.
1143 2819 1208 2866 cum
1222 2814 1287 2866 Ald.

264 2881 368 2936 tierius
394 2885 475 2936 codd.
504 2885 567 2936 Vnt.
591 2882 774 2936 auctoritate,
841 2887 917 2937 dUt
931 2883 1071 2950 optimum
1085 2901 1146 2936 esse
1161 2885 1322 2949 concedam,

263 2951 333 3006 Mox
349 2953 423 3022 Spir.
438 2959 467 3006 et
481 2954 714 3006 Puteollottores
727 2969 779 3017 pro
807 2955 880 3020 quod
907 2971 941 3004 ox
965 2953 1056 3020 Lipsii
1079 2954 1253 3007 auctoritate
1276 2969 1323 3006 re-

265 3024 402 3086 lectiones,
425 3024 501 3091 quod
521 3023 631 3090 primus
649 3023 780 3074 Muretus
807 3022 1266 3088 certioressusceperuntloutum,
1277 3031 1322 3094 ta-

265 3096 411 3146 essecutus
425 3099 479 3158 est,
493 3094 623 3160 quodque
637 3089 780 3142 recentio-
806 3109 871 3143 men
889 3091 997 3142 retinui
1013 3092 1083 3144 Edd.
1103 3100 1173 3146 vett.
1193 3095 1324 3148 omnium

264 3178 311 3214 res
335 3168 414 3215 recte
433 3162 560 3229 amplexi
583 3165 660 3230 suot
694 3159 779 3212 dliee
805 3161 969 3224 lectionem,
987 3162 1089 3230 quippo
1104 3179 1177 3230 quae
1197 3165 1324 3232 expliea-

264 3231 335 3285 aon.
366 3239 439 3286 vett.
472 3251 535 3286 cum
568 3233 631 3290 Ald.
663 3231 778 3284 altiores.
807 3232 885 3285 tione
895 3232 975 3284 haud
986 3249 1100 3298 prorsus
1114 3250 1212 3286 carere
1221 3235 1323 3290 videa-

164 3347 166 3352 ,
264 3302 361 3356 Codex
372 3303 437 3356 Vat.
450 3302 520 3358 4498
532 3305 659 3358 lectiores:
806 3310 862 3354 tur.
888 3303 1016 3354 Eandem
1029 3302 1147 3357 Seebod.
1162 3305 1205 3357 ed.
1215 3305 1241 3358 1.
1254 3323 1323 3374 pro-

299 3379 317 3426 2
338 3374 408 3427 Edd.
421 3379 492 3428 vett.
503 3382 532 3429 et
546 3376 609 3428 Ald.
624 3373 779 3427 lectionem
806 3376 935 3426 neverat.
965 3373 1034 3426 Mox
1043 3373 1117 3442 Spir.
1127 3385 1231 3444 petrea,
1246 3378 1322 3446 qaod

264 3453 304 3512 cet
319 3445 480 3498 tolerarunt
490 3447 567 3498 haud
578 3445 719 3501 laudabili
729 3460 778 3511 pa·
807 3444 984 3497 Puteolanus
997 3445 1169 3500 emendavit.

263 3514 366 3573 tientie
374 3517 515 3578 nonnulli,
525 3535 593 3585 qnos
604 3515 680 3567 inter
689 3516 780 3568 etiam
843 3519 859 3570 'i
878 3515 942 3568 nlo.
956 3517 1097 3582 lapmdrem.

263 3579 472 3644 Bronkiusest.
497 3589 577 3641 Erret
586 3588 705 3638 debetur
714 3585 779 3638 Aci·
842 3593 859 3640 8
879 3585 1039 3638 Revocavit
1061 3587 1205 3642 Dronlrius
1228 3589 1322 3654 etiam,

265 3657 359 3722 dallo,
385 3675 469 3726 quem
489 3658 587 3711 Obori.
610 3664 638 3710 et
661 3657 779 3714 Seebod.
808 3657 883 3725 quod
900 3657 929 3708 in
946 3655 1017 3709 Edd.
1032 3663 1102 3710 vett.
1120 3665 1149 3712 et
1164 3660 1228 3713 Ald.
1246 3661 1275 3713 le
1298 3661 1323 3712 i-

265 3729 336 3780 edl
351 3734 429 3782 recte
441 3729 535 3782 aecuti
549 3734 621 3781 sunt.
708 3763 712 3766 -
805 3734 862 3792 tur,
878 3727 1007 3795 quodque
1019 3727 1143 3794 primum
1161 3729 1191 3782 in
1209 3732 1251 3784 ed.
1266 3679 1322 3784 (io-

299 3805 316 3852 3
334 3797 778 3867 Quodcumltronkioplurtmis-
804 3796 929 3850 leniensi
944 3797 1083 3851 excidisse
1096 3802 1198 3865 fertur,
1214 3807 1242 3852 et
1252 3801 1321 3856 hinc

263 3885 319 3935 que
334 3869 526 3924 recentiorum
544 3870 687 3923 editorum
702 3868 776 3934 dedi,
804 3869 889 3936 plane
916 3868 1114 3922 oblitteratum
1135 3869 1208 3922 ‘fuit
1246 3867 1322 3924 ⁴Mox

264 3938 390 3992 Acidalii
405 3939 522 4011 ingenio
534 3959 633 3994 rursus
648 3941 777 4004 debetur,
805 3957 856 4006 pro
872 3939 908 3991 cit
926 3941 1008 3992 Imm.
1028 3941 1150 3992 Belrlrer.
1168 3942 1232 3994 sint.
1265 3943 1322 3993 De-

237 4039 243 4054 «
265 4018 295 4064 et
317 4009 347 4062 in
368 4011 425 4067 heo
447 4012 571 4065 lectione
593 4011 709 4064 interim
731 4027 778 4062 ac·
792 4009 897 4061 xtendit
920 4009 1063 4076 pluralem
1085 4010 1226 4064 laconio
1247 4012 1321 4066 Aac.

264 4080 411 4148 quiescere
421 4082 597 4136 tutissimum
610 4082 674 4136 erit.
699 4083 778 4134 Unus
806 4081 848 4132 ed.
863 4081 973 4132 'Dronln
996 4079 1082 4147 ptos
1104 4081 1168 4134 loco
1191 4082 1322 4140 Caesario

260 4151 326 4208 eod.
342 4152 405 4206 l'at.
427 4157 457 4207 et
477 4161 560 4208 vetus
590 4154 664 4208 liber
685 4151 778 4222 Lipsii
807 4146 841 4204 de
856 4151 887 4206 B.
905 4149 1070 4216 G.v11‚3t.

549 4439 685 4474 “x
