2878 4848
610 349 661 422 lb

109 525 274 588 uortrum¹
291 532 348 588 aut
363 527 485 588 heroici
503 527 651 602 carminis
668 545 800 602 sonum,
819 527 876 588 red
892 527 1065 608 lyricorum
1081 549 1159 612 quo·

108 631 169 694 que
187 614 419 676 iucunditatem
438 621 471 676 et
487 615 651 694 elegorum
667 615 814 678 lascivias
831 623 865 678 et
884 618 1057 679 iamborum
1075 638 1161 682 ama-

105 703 279 764 ritudinem
299 702 355 765 et²
377 704 636 785 epigrammatum
657 704 749 766 lusus
767 711 800 766 et
821 722 1051 786 quamcumque·
1068 707 1163 775 sliam

106 791 247 871 speciem
271 791 453 871 eloquentia
475 789 635 871 habeat³,
656 793 906 874 anteponendam
928 796 1061 856 cacteris
1082 795 1161 858 alia-

106 897 179 940 rum
199 878 315 942 artium
346 881 459 942 studiis
487 882 593 943 credo.
648 881 712 944 Sed
742 888 849 942 tecum
878 881 974 962 mihi,
995 881 1163 972 Materne,

105 983 160 1028 rus
188 972 257 1047 est,
288 968 391 1049 quod,
420 987 516 1050 quum
541 978 653 1032 natura
674 975 729 1034 tua
751 971 786 1032 in
807 971 908 1049 ipsum
930 970 1061 1031 crocini
1091 972 1164 1034 elo-¹

107 1055 254 1134 quentiae
275 1056 377 1132 ierat,
408 1057 540 1119 errare⁵
570 1059 684 1136 mavis,
712 1063 761 1136 et,
793 1075 913 1120 summa
942 1058 1097 1138 adeptus,
1126 1061 1162 1122 in
1244 1089 1247 1094 ·

106 1142 280 1205 levioribus
304 1145 464 1208 subsistis.
516 1145 563 1208 Ut
585 1147 669 1210 siin
693 1147 827 1210 Graecia
848 1152 942 1208 natus
971 1165 1077 1222 esses,
1096 1149 1162 1214 ‹ubi
1184 1192 1187 1206 .

105 1227 247 1293 ludicras
270 1251 395 1314 qnoque
416 1238 502 1296 artes
529 1254 677 1298 exercere
706 1236 877 1296 honestum
909 1238 978 1310 est,
1006 1231 1069 1295 acsi
1101 1236 1162 1298 tibi

104 1317 280 1396 Nicostrati
314 1323 414 1384 robur
442 1341 480 1383 ac
511 1323 595 1385 vires
628 1324 678 1385 Dii
711 1324 892 1399 dedissent,
928 1341 992 1384 nou
1022 1327 1162 1404 paterer,

103 1407 256 1469 immanes
272 1408 349 1471 illos
367 1415 401 1470 et
418 1409 458 1470 ad
474 1429 612 1492 pugnam
630 1413 741 1504 natos?
762 1411 899 1474 lacertos
918 1411 1048 1472 levitate
1064 1409 1163 1474 iaculi

104 1500 161 1555 aut
182 1497 268 1567 iactu
291 1497 371 1558 disci
393 1515 584 1560 vanescere:
614 1501 674 1582 sic¹
692 1519 777 1563 nuuc
806 1506 840 1560 te
862 1501 901 1561 ab
931 1498 1099 1560 auditoriis
1128 1505 1163 1561 et

103 1582 238 1646 theatris
260 1585 294 1645 in
318 1585 426 1647 forum
454 1590 487 1648 ct
516 1588 557 1648 ad
580 1606 690 1650 causas
713 1591 747 1650 et
769 1587 810 1648 ad
832 1605 908 1648 vera
927 1583 1051 1667 proelia
1072 1604 1163 1662 voco,

105 1688 201 1751 quum
217 1675 406 1754 praesertim
425 1693 464 1734 ne
482 1673 522 1734 ud
544 1674 655 1738 illud⁸
678 1676 805 1757 quidem
828 1672 1026 1753 confugeret
1046 1677 1162 1756 possis,

104 1758 191 1838 quod
218 1757 378 1840 plerisque
406 1763 642 1842 patrocinatur,
673 1770 834 1844 tamqnam
858 1765 963 1826 minus
993 1761 1162 1824 obnoxium

104 1846 159 1922 sit,
175 1843 338 1908 offendere
348 1849 377 1890 ¹⁰
393 1856 559 1931 poetarum
575 1871 668 1930 qnam
686 1858 848 1914 oratorum
866 1851 1015 1929 studium.
1054 1849 1162 1912 Effer·

103 1933 208 1996 vescit
242 1935 326 1996 enim
359 1937 407 1996 ris
445 1935 679 2017 pulcherrimae
713 1945 845 2001 naturae
877 1944 968 2012 tuae;
1011 1954 1071 1999 neo
1102 1955 1163 2018 pro

104 2021 205 2084 amico
236 2022 363 2103 aliquo,
392 2024 468 2099 sed,
500 2025 584 2102 quod
611 2007 823 2106 periculosius
856 2032 925 2098 est,
954 2041 1014 2103 pro
1041 2025 1163 2092 (latone

104 2109 247 2172 offendes
260 2110 306 2170 ¹¹.'
342 2111 411 2172 Nec
430 2115 599 2173 moueatur
611 2112 639 2153 Γ)
660 2112 782 2174 offensa
805 2111 1042 2174 necessitudine
1062 2111 1161 2172 oflicii

139 2301 156 2352 1
175 2293 253 2351 Bene
264 2294 414 2351 revocavit
424 2295 495 2351 Edd.
509 2289 579 2353 vc'tt.
590 2303 620 2353 et
682 2303 700 2353 a
718 2299 758 2352 Ac
771 2293 870 2366 Iripsio
883 2293 1011 2352 debetur.
1030 2295 1164 2352 Abanteis

103 2363 169 2422 liu.
194 2367 348 2422 lectionem
374 2379 497 2424 nostrum
526 2373 619 2424 Drou-
647 2369 1033 2424 Edd.vett.etrlld.1)ronk.
1046 2368 1163 2424 caniet.

102 2437 184 2496 kinsa
202 2439 283 2493 cuius
298 2440 361 2493 loco
373 2440 488 2508 hipsius
499 2452 619 2496 uestrum
684 2449 700 2498 ι
718 2439 837 2494 Seebod.
855 2441 939 2493 dulos.

103 2510 268 2580 scripserat,
284 2511 360 2579 quod
371 2512 479 2581 reliqui
492 2512 618 2568 editores
683 2519 700 2566 8
719 2514 790 2565 Cum
809 2509 938 2564 Dronkio
961 2523 978 2562 e
997 2507 1078 2566 codd.
1098 2508 1163 2566 l'st.

102 2584 271 2652 probarunt.
600 2639 603 2646 ,
647 2582 814 2650 scripsimus
828 2597 880 2649 pro
894 2577 1016 2650 vulgato
1032 2583 1070 2635 id.

139 2649 324 2720 mapulam,
336 2665 408 2719 quse
416 2651 497 2707 abest
506 2649 620 2708 allidet
683 2659 701 2710 9
729 2650 843 2718 Lipsius
873 2665 1047 2720 consurgere,
1078 2665 1165 2721 quesn

103 2727 176 2777 vett.
189 2729 219 2776 et
231 2721 305 2786 Ald3
318 2721 620 2777 restituithcidalius.
648 2721 782 2774 nonnulli
797 2721 887 2772 secuti
904 2726 977 2772 sunt.
1196 2785 1205 2794 ⁸

138 2798 157 2846 8
174 2795 340 2848 Heumann.
355 2791 430 2846 coni.
444 2793 539 2845 habet.-
557 2795 620 2846 iru-
684 2799 719 2845 10
737 2789 865 2843 Debetur
881 2785 1056 2854 Puteolano,
1071 2803 1165 2858 [quem

102 2869 182 2930 stra,
208 2861 268 2916 iam
290 2870 424 2915 mouente
446 2863 620 2932 Woplrcnsio
649 2860 770 2930 plurimi
795 2860 885 2912 secuti
909 2865 983 2912 sunt.
1019 2856 1094 2928 Spin.
1117 2863 1164 2916 ob·

102 2936 162 2991 hc.
180 2951 206 3004 p.
216 2931 277 2986 887.
297 2933 369 2986 Vide
383 2933 550 2986 Dronhiuru.
647 2930 983 3000 noxiumaicutoffessdere‚
997 2931 1164 2999 quodlibe-

139 3017 158 3070 4
180 3005 228 3058 lta
254 3000 412 3056 Rhenanus
439 3021 492 3072 pro
523 3013 619 3068 artam,
647 3017 736 3056 nanus
750 3002 780 3055 in
795 3003 851 3055 ooo.
864 3001 901 3054 sit
915 3002 1024 3069 offensis
1038 3001 1163 3058 mutavit

104 3073 295 3148 quodinEdd.
304 3079 372 3129 vett.
380 3074 541 3144 legebatur.
554 3077 619 3130 hid.
648 3081 677 3126 ct
701 3073 742 3126 sic
765 3073 830 3126 Ala.
854 3070 1003 3126 Ernestins
1028 3073 1163 3142 probarit

105 3165 203 3204 urcem.
232 3143 302 3200 Mox
319 3152 385 3214 post
401 3145 566 3215 eloquentiae
584 3164 619 3200 cx
646 3142 773 3198 Acidalii
786 3144 1030 3212 obasa'toffcoaue.
1049 3145 1162 3198 liecen-
1212 3145 1215 3154 “

105 3215 234 3274 Acidalii
254 3214 397 3272 sententis
417 3215 619 3276 obas-linuset
647 3215 736 3276 tiores
756 3215 881 3269 editores
898 3214 982 3267 modo
1001 3215 1057 3269 lsuc
1075 3216 1170 3270 modo·

105 3289 262 3345 Seebodius
280 3297 309 3341 ts
323 3284 502 3340 addiderunt
539 3288 618 3342 Bene
646 3283 722 3340 illud
743 3287 909 3355 probarunt.
944 3285 1080 3354 Expressi
1096 3299 1163 3340 onus

106 3377 173 3416 euru
187 3359 256 3414 aliis
272 3355 375 3412 reiecit
393 3357 545 3412 Dronhins.
580 3361 619 3414 lat
646 3357 775 3411 Broulrio
790 3351 944 3410 Puteolani
957 3355 1121 3412 lectionem.

107 3431 277 3486 servandam
299 3445 362 3482 esse
386 3430 536 3499 vulgatam
560 3425 619 3484 ianr
681 3436 716 3482 11
734 3425 825 3480 Unice
844 3443 960 3492 verum,
981 3425 1057 3498 qnod
1081 3425 1161 3481 codd.

106 3499 349 3571 Woplreusiusl.c.
356 3506 516 3564 monuerat,
523 3517 619 3554 exem·
646 3499 709 3553 Vnt.
719 3503 749 3552 et
760 3497 834 3566 Spir.
846 3497 996 3552 exhibant:
1014 3511 1070 3551 nors
1082 3497 1160 3549 enirn

105 3571 157 3644 pls
170 3569 259 3626 simul
274 3569 412 3637 afferens,
434 3567 535 3640 quibus
551 3587 619 3626 usus
647 3570 681 3623 de
702 3571 809 3623 Catone
828 3565 956 3622 Materni
981 3569 1044 3622 solo
1066 3578 1161 3620 sermo
1235 3570 1239 3584 ¹

105 3642 257 3699 absolutus
276 3658 304 3694 v.
317 3645 393 3709 serre
411 3643 620 3712 comprobatur.
649 3647 702 3708 cst,
716 3641 766 3694 aad
781 3638 870 3693 simul
882 3641 917 3692 de
932 3639 1074 3702 omnihus,
1091 3651 1162 3706 quus

49 3721 52 3730 '
107 3717 260 3770 (lectarum
278 3711 441 3780 suspicatur
483 3712 620 3766 Nostrum
649 3728 704 3765 non
722 3711 783 3764 aino
799 3711 960 3779 potentium
973 3709 1083 3763 offensa
1097 3707 1162 3762 Mu·
1255 3749 1258 3756 .

106 3783 266 3855 respexisse
292 3783 420 3840 Lucretii
443 3779 498 3860 illu
520 3785 565 3851 11,
588 3783 619 3838 'ta
647 3789 745 3837 toruus
754 3782 914 3850 scripturus
927 3785 979 3845 est,
992 3777 1163 3850 unguediir.

108 3857 162 3912 Sed
174 3853 335 3910 sss'ldulcs'as
349 3863 390 3908 est
404 3860 457 3911 etc.
485 3859 488 3868 '
647 3855 689 3908 cf.
705 3850 760 3908 αθ.
800 3855 905 3908 Omnes
926 3865 995 3904 veru
1013 3853 1050 3906 ad
1067 3851 1162 3904 liron-

142 3919 310 3982 bthelius
325 3925 397 3980 coni.
410 3927 525 3982 humere.
551 3925 619 3980 Mox
646 3921 1160 3994 hianamusquoeditionemretinenl

106 4015 159 4068 pro
183 3999 295 4068 adeptus
319 3997 466 4052 Acidaliae
491 3997 620 4052 molebat
646 3996 801 4052 Puteolani
814 3995 943 4065 offendis,
961 3993 1036 4063 quud
1051 4009 1086 4047 ex
1102 3987 1160 4046 αὶ.

106 4071 271 4140 adepturus,
302 4067 380 4122 haud
405 4071 497 4137 male,
523 4069 619 4124 iudice
647 4070 757 4125 frustra
775 4065 947 4120 detenditur.
1176 4111 1179 4118 .

106 4139 280 4210 Wopheusio
294 4139 347 4195 l.c.
361 4139 456 4210 pisi.
683 4147 717 4198 12
736 4141 810 4194 Ante
823 4137 997 4192 Rhenanam
1009 4140 1163 4204 mentm
1271 4159 1276 4168 .

817 4245 825 4255 .
908 4227 971 4290 2ῂ.
