2904 4842
709 345 908 434 Μ’

257 521 379 602 refert,
409 520 515 606 quod¹
547 522 634 584 inter
661 537 697 608 se
725 521 831 602 specie
862 516 1030 597 differant,
1061 536 1157 602 qnam
1185 541 1303 605 genere

259 613 468 678 consentient.
519 609 563 672 At
583 609 750 672 strictiori
778 608 913 683 Calvus,
945 613 1143 672 numerosior
1163 611 1305 687 Asinius,

180 737 183 744 ,
259 700 454 784 splendidior
480 697 617 773 Caesar,
658 697 793 760 ememor
832 695 978 772 coelibe,
1016 697 1141 777 gravim
1175 697 1315 776 Brutus,

258 783 477 855 vehementior
492 791 537 848 ,et
564 784 690 866 plenior
719 791 752 845 et
773 782 929 846 valentior
952 785 1085 859 Cicero,
1118 804 1233 848 omues.
1257 793 1308 846 ta·
1348 827 1352 833 .

257 895 331 942 men
351 876 492 941 eamdem
513 870 705 935 sanitatem³
727 870 926 953 eloquentiae
948 872 1076 934 ferunt:
1110 879 1161 948 ut,
1188 873 1217 936 si
1239 893 1308 934 om-

258 967 345 1028 nium
367 967 486 1047 pariter
509 961 607 1022 libror
628 961 662 1022 in
682 979 807 1022 manum
827 961 1019 1042 sumpseris,
1041 959 1166 1037 suasi,
1197 981 1306 1043 quam-

257 1054 307 1114 vis
332 1053 367 1114 iu
392 1051 524 1113 diversis
542 1049 694 1129 ingeniis,
719 1067 790 1110 esse
810 1049 972 1129 quamdam
997 1048 1108 1110 iudicii
1131 1069 1167 1110 ac
1192 1049 1307 1112 voluu-

233 1139 359 1202 ‚atim
382 1136 620 1200 similitudinem
641 1141 684 1224 et
701 1138 919 1218 cognationem
928 1133 951 1195 0.
995 1135 1093 1211 Nam,
1115 1137 1201 1217 quod
1223 1138 1306 1200 invi-

258 1247 328 1294 cem
348 1245 384 1289 ee
407 1227 683 1299 obtrectaverunt,
711 1230 745 1285 et
772 1224 870 1286 sunt⁷
899 1223 1004 1303 aliqua
1030 1223 1175 1305 epistolis
1197 1244 1307 1288 eorum

258 1315 395 1390 inserta,
417 1314 481 1376 exi
505 1311 619 1392 quibus
641 1316 751 1373 mutua
771 1311 949 1392 malignitas
969 1311 1148 1392 detegitur,
1167 1332 1231 1374 uon
1255 1318 1308 1374 est

258 1407 420 1476 oratorum
442 1401 571 1475 sitium,
594 1399 651 1461 sed
667 1399 858 1480 bominum.¹
887 1399 966 1460 Nam
983 1405 1017 1460 et
1030 1399 1159 1462 Calvum
1181 1406 1214 1460 et
1234 1402 1306 1463 Asi-

258 1490 347 1552 nium
380 1494 414 1550 et
439 1488 543 1570 ipsum
567 1486 754 1549 Ciceronem
782 1487 876 1548 credo
905 1486 1018 1547 solitos
1047 1493 1080 1548 et
1103 1488 1247 1550 invidere
1274 1493 1308 1548 et

257 1576 359 1639 livere
383 1583 417 1637 et
445 1575 580 1637 caeteris
606 1575 761 1636 bumanae
786 1575 977 1636 infirmitatis
1000 1575 1086 1636 vitiis
1108 1575 1202 1637 allici.
1247 1577 1307 1636 So·
1347 1618 1350 1624 ·

196 1740 199 1746 Ι
258 1664 326 1746 lum
345 1665 430 1724 inter
451 1663 511 1725 bos
529 1662 667 1722 arbitror
687 1661 839 1738 Brutum,
862 1657 924 1725 non
945 1662 1154 1744 malignitate,
1176 1681 1235 1732 nec
1256 1663 1324 1728 ιιι-ι

257 1752 356 1824 vidia,
378 1750 437 1811 sed
457 1749 646 1829 simpliciter
665 1758 698 1809 et
716 1751 853 1829 ingenue
878 1749 1030 1813 iudicium
1051 1751 1146 1812 animi
1172 1751 1222 1813 sui
1249 1751 1306 1828 de·

257 1839 389 1902 nusae.
432 1839 483 1900 Διι
506 1835 564 1898 ille
591 1836 738 1901 Ciceroni
763 1837 963 1913 invideret,
993 1839 1047 1918 qui
1077 1839 1153 1900 mibi
1183 1839 1309 1898 ridetur

251 1947 302 2005 ¹no
316 1927 450 2000 ,Gaesari
471 1925 596 2006 quidem
617 1925 794 1986 invidisse?
840 1925 1000 2010 Quodjad
1022 1925 1089 1987 Ser.
1118 1925 1250 1987 Galbam
1274 1929 1307 1985 et

258 2014 295 2076 (l.
311 2013 454 2075 Laelium
466 2014 493 2054 ¹⁰
516 2014 650 2087 attinet,
672 2017 705 2073 et
723 2013 751 2074 si
769 2032 847 2093 quos
873 2014 952 2074 alios
973 2015 1173 2094 antiquorum
1190 2016 1308 2094 agitare
1345 2043 1348 2049 ·
1395 2055 1400 2061 -

258 2120 323 2178 uon
345 2101 470 2164 destitit
482 2100 519 2178 ¹¹,
542 2101 719 2185 nouerigit
737 2100 946 2176 defensorem,
970 2121 1065 2180 quum
1081 2100 1193 2176 fatear,
1213 2121 1308 2181 quae·

257 2321 259 2329 ι
291 2287 485 2353 1Rbenanue
512 2303 578 2340 eum
601 2285 664 2340 ΔΜ.
687 2285 769 2339 aliis·
797 2283 949 2338 velaminis.
973 2285 1309 2341 desiuset'Seebodius

202 2363 207 2374 ‘
277 2375 312 2413 uc
333 2359 402 2410 Edd.
426 2364 496 2410 vett.
536 2359 572 2409 ai.
610 2356 767 2424 vulgatum
796 2373 829 2408 aa
844 2356 983 2408 acuminis.
1019 2367 1022 2375 “

279 2429 347 2498 pia,
370 2432 400 2479 et
419 2426 551 2477 restituit
572 2423 682 2490 Lipsius
703 2424 767 2492 qul·
831 2429 849 2478 6
869 2425 940 2494 Spir.
950 2433 979 2479 et
989 2427 1101 2480 Puteal.
1114 2427 1309 2495 cogitationem.

257 2500 331 2552 darn.
370 2497 439 2550 Mox
457 2495 564 2548 laisum
583 2495 655 2561 quod
676 2497 768 2548 refert
795 2495 880 2548 Nibil
899 2497 1007 2549 certius
1031 2499 1230 2551 emendatione
1251 2499 1310 2551 lle·

255 2569 399 2624 nasarius
420 2565 451 2619 in
469 2564 544 2632 Spir.
563 2564 627 2635 logi
648 2582 693 2634 spe
714 2582 768 2633 pro
796 2567 891 2620 rooldi
902 2569 1094 2636 cognationem.

135 2660 141 2668 ·
255 2640 358 2712 specie:
383 2643 457 2724 teste
478 2635 583 2704 Hessio
607 2633 681 2704 Spir.
703 2632 768 2708 epef',
833 2637 1308 2708 'tSpineapenundePuteolanus

255 2711 325 2766 lae.
339 2727 433 2782 specu.
517 2773 520 2781 Ἰ
635 2733 637 2738 ·
732 2764 736 2776 ,
797 2717 957 2778 supersunt,
981 2711 1053 2778 quod
1069 2711 1137 2762 hinc
1152 2709 1182 2762 in
1200 2709 1263 2762 Ald.
1279 2715 1310 2763 et

291 2783 457 2838 silebatur
471 2777 588 2846 bipaio,
601 2777 676 2846 quod
695 2778 768 2830 bene
798 2775 1005 2833 oluuibus'iera
1022 2780 1195 2834 editionibus
1212 2796 1310 2832 serra·

256 2853 405 2922 amplexus
414 2850 616 2912 estllronlsius
628 2849 696 2900 dum
706 2848 769 2916 ple·
797 2855 920 2904 tumeat.
939 2843 1041 2902 Verius
1051 2858 1147 2904 autem
1156 2869 1220 2903 cum
1229 2851 1310 2903 Brot.

256 2940 378 2992 rumque
400 2921 577 2990 vulgabatur
599 2919 768 2970 Adstrictior.
798 2939 814 2972 e
832 2922 913 2992 codd,
931 2921 993 2973 Vnt
1011 2922 1156 2973 Dronlrius
1177 2930 1241 2977 suat
1259 2921 1308 2974 de-

257 2993 331 3064 Splr.
341 3001 391 3047 aat
399 2989 526 3045 strictior.
546 2987 686 3055 Reliquae
697 2989 767 3040 Edd.
797 2991 854 3054 dit,
871 3007 954 3058 quem
970 2991 1049 3057 sequi
1066 3008 1117 3058 par
1131 2989 1196 3043 tuit.

256 3070 327 3119 vett.
344 3079 408 3114 cum
423 3060 485 3112 ΑΜ.
499 3066 528 3110 at
541 3057 654 3110 tristior.
832 3069 849 3112 ὃ
871 3061 1117 3126 Praepositionem
1159 3061 1308 3116 Acidaliae

228 3159 233 3172 ·
290 3133 372 3188 allx
399 3127 534 3182 Rhenani
561 3126 767 3181 emendatione.
797 3129 889 3181 deleri
907 3129 1009 3184 voluit.
1075 3149 1079 3153 ·

255 3203 371 3259 Priores
386 3199 457 3254 Edd.
469 3198 650 3252 sanctitatem.
832 3209 850 3259 9
869 3201 891 3250 ll
904 3200 983 3254 codd.
999 3201 1062 3254 Vat.
1077 3201 1221 3256 lironltius
1235 3204 1309 3256 beno

249 3335 252 3340 Δ
292 3273 457 3338 allabatur
472 3267 585 3336 Lipsio,
607 3269 703 3337 quiin
719 3287 768 3322 co·
795 3269 957 3340 revocavit:
983 3287 1055 3324 unua
1078 3273 1157 3325 solus
1181 3274 1307 3327 incidere.

257 3344 319 3400 dice
342 3359 393 3396 tuo
416 3341 478 3394 solo
505 3339 654 3393 invenerat
675 3341 767 3394 eciam.
797 3341 835 3394 Et
848 3340 922 3408 Spin.
936 3359 972 3392 an
982 3343 1029 3394 itte
1039 3343 1171 3396 inuideret
1181 3344 1308 3397 Ciceroni.

257 3417 293 3471 ln
306 3413 375 3468 Edd.
387 3419 457 3466 vett.
471 3418 500 3464 et
513 3411 577 3462 nlo.
586 3411 670 3477 plane
683 3411 768 3464 omit-
798 3411 893 3482 Vulgo
912 3429 947 3463 on
962 3413 1091 3468 incideret
1110 3414 1245 3468 Ciceronis
1258 3432 1308 3467 ne-

257 3485 340 3542 titnr.
358 3483 488 3536 Maronis
505 3479 565 3533 iam
577 3483 680 3536 sentiae
693 3483 768 3536 inse·
798 3500 853 3551 que
867 3482 954 3536 aliter
969 3484 1033 3539 Ald.

142 3564 145 3572 ’
257 3554 460 3610 rerevolebet.
719 3599 722 3604 .
834 3560 868 3606 10
885 3555 997 3620 Quum·
1013 3554 1114 3612 Laelii
1139 3573 1241 3611 nomen
1269 3558 1307 3609 ab

296 3633 314 3682 ὃ
331 3627 371 3679 llt
385 3623 535 3678 concedam
547 3622 768 3692 optimehabera
797 3624 873 3691 Apro
890 3623 920 3675 in
936 3626 1168 3680 antecedentibus
1185 3628 1307 3682 allatum

259 3695 396 3752 Rbenani
420 3694 570 3748 lectionem
594 3712 626 3747 oc
647 3695 768 3756 luminis,
797 3711 851 3746 nou
866 3694 968 3759 luerit,
984 3695 1240 3750 Schurzlleiechius
1259 3713 1308 3750 su-

258 3784 345 3840 quam
360 3765 492 3835 probavit
506 3765 658 3832 breulius,
672 3771 767 3816 tamen
797 3764 924 3832 spicatur
942 3765 1035 3818 multa
1055 3767 1195 3820 excidisse
1212 3785 1227 3820 e
1246 3767 1307 3820 dia·

258 3838 352 3896 ιιιιιῐιιί
376 3838 406 3889 ia
427 3835 523 3888 Ursini
543 3842 572 3887 et
591 3835 683 3903 Lipsii
705 3853 769 3888 cor·
797 3835 874 3905 logo.

258 3905 768 3974 rectioneaccolontotiaocquiescere‚
833 3914 865 3958 11
886 3905 968 3974 Spin,
984 3908 1177 3972 tortellarum,
1190 3908 1306 3973 destitit,

259 3987 294 4035 ut
306 3995 378 4048 quae
387 3979 424 4030 ad
436 3976 608 4046 scripturam
621 3975 688 4028 bidd.
697 3983 767 4028 vett.
797 3976 871 4044 quod
887 3977 1061 4030 Puteolanus
1075 3979 1103 4031 in
1118 3977 1224 4032 desistit
1241 3996 1306 4032 mu-

259 4047 376 4121 propiur
391 4048 515 4102 accedat.
549 4048 586 4100 Et
601 4053 768 4114 receperunt
796 4044 885 4108 teuit,
909 4049 982 4116 quod
1003 4049 1055 4102 rol.
1074 4049 1143 4101 Edd.
1157 4051 1225 4102 vett.
1241 4067 1305 4104 cum

244 4119 388 4194 'plurimi
404 4119 476 4173 Edd.
493 4125 562 4171 vett.
579 4135 643 4172 cum
657 4115 720 4172 ald.
733 4135 768 4170 oo
797 4118 860 4171 did.
880 4119 976 4170 tenent
992 4126 1020 4172 et
1038 4135 1056 4172 a
1071 4119 1149 4174 Broc
1169 4127 1198 4173 et
1213 4121 1305 4174 Dron-
