2904 4842
267 501 329 564 nist
344 499 453 561 ιὀιιιι
475 499 640 580 quicquum
658 468 883 560 sutcnesuris·
893 517 952 579 pro
975 498 1071 560 necto
1092 497 1234 563 Samnite
1245 493 1316 564 'sut

171 623 173 630 v
266 589 359 650 Bruti
376 607 435 670 pro
447 587 595 648 Deiotaro
613 605 701 666 rege,
721 593 928 667 caeterosque
947 587 1090 649 eiusdem
1111 588 1313 652 lentitudinis

265 695 302 744 ec
321 676 464 756 teporis'2
490 675 590 736 libros
616 672 735 754 legit³‚
757 675 818 736 nisi
844 675 950 754 quiet
970 677 1108 737 carmine
1130 677 1315 738 eorumdem
1351 711 1353 716 .

135 755 138 762 ’
213 811 221 827 .
264 765 405 824 miretur.
449 765 610 842 Fecerunt
628 763 711 822 enim
731 768 764 822 et
784 763 939 838 carmine,
967 763 1022 824 etl
1044 766 1078 825 iu
1100 755 1313 841 bibliothecas

264 852 461 928 retulerunt,
484 871 547 912 non
565 850 696 926 melius,
719 845 812 929 ‘quem
832 851 961 926 Cicero,
993 851 1050 912 nte
1072 851 1219 933 felicius,
1240 853 1315 933 quie

263 939 338 1000 illos
367 939 483 1000 iecisse
509 940 674 1019 pauciores
704 941 819 999 sciunt.
873 939 1001 1000 Asinius
1016 989 1019 994 .
1032 959 1175 1020 quoquc,
1204 960 1314 1020 qusm-

263 1046 356 1108 quem
372 1028 572 1110 propioribus
591 1026 786 1106 temporibus
812 1031 904 1088 nutus
932 1029 991 1101 sit,
1014 1029 1141 1089 videtur
1164 1028 1245 1089 mihi·
1261 1029 1313 1090 in-

260 1119 313 1176 ter
338 1107 507 1177 Me'nenios
533 1121 566 1174 et
595 1116 714 1194 Appios
741 1113 911 1176 studuisse.
963 1113 1135 1176 Pacuvium
1161 1121 1249 1177 certe
1277 1120 1314 1177 et

260 1202 383 1264 Attium
404 1223 467 1264 non
486 1204 589 1264 solum
615 1201 802 1282 tragoediis,
828 1203 885 1262 sed
908 1203 1001 1263 etiem
1026 1205 1220 1264 orationibus
1243 1203 1311 1266 suis

262 1291 434 1372 expressit:
466 1293 546 1352 odeo
568 1290 666 1351 durus
699 1294 732 1350 et
755 1287 894 1350 siccus⁶.
939 1291 1048 1352 Oratio
1074 1297 1196 1366 eutem,
1228 1292 1313 1352 sieut
1396 1334 1399 1340 ,

232 1401 234 1404 ·
261 1395 377 1458 corpus
393 1379 549 1454 hominis,
575 1399 611 1440 ee
631 1379 755 1439 demum
774 1377 909 1457 pulchre
931 1384 996 1453 est,
1017 1379 1051 1439 in
1069 1400 1130 1459 que
1151 1398 1214 1440 non
1233 1381 1313 1440 emi-

259 1471 337 1526 nent
365 1486 479 1542 venee,
510 1487 568 1528 nec
598 1487 670 1528 osse
704 1471 936 1540 numerentur,
958 1467 1016 1528 sed
1046 1474 1240 1547 temperatus
1275 1485 1312 1528 ee

258 1553 360 1616 bonus
391 1556 522 1637 sanguis
545 1557 657 1638 implet
682 1553 821 1615 membru
844 1561 877 1614 et
896 1555 1048 1636 exsurgit
1069 1555 1176 1617 ιοιιι7
1205 1555 1312 1637 ipsos-

294 1711 310 1756 1
329 1703 769 1772 lteEdd.vett.cumAlcl.‚quem
792 1701 918 1776 ,debetur
933 1703 1026 1773 lipsii
1045 1703 1170 1776 ingenio.
1205 1705 1262 1758 Pro
1278 1718 1312 1756 ac

256 1771 412 1826 lectionem
440 1775 615 1830 recentiores
643 1775 768 1830 editores
798 1777 896 1844 teporis
908 1775 1041 1828 Schelius
1056 1795 1088 1829 ec
1100 1775 1222 1844 torporis.

257 1850 374 1913 propter
388 1861 585 1914 mcxseqnens
597 1847 653 1897 nisi
667 1847 714 1918 qui
726 1848 769 1898 ic·
833 1852 850 1899 3
870 1845 964 1912 Unus,
986 1848 1085 1914 credo,
1105 1841 1259 1901 Schuluius
1273 1845 1312 1899 le·

256 1915 374 1968 rendum
386 1923 500 1987 negent.
519 1916 595 1969 ilinc
605 1935 619 1968 e
629 1908 770 1971 Grdrlovii
796 1917 886 1986 gerit,
904 1935 1005 1992 nempe
1021 1924 1052 1978 ut
1071 1919 1251 1974 satisfaceret
1264 1931 1312 1968 re·

257 1985 423 2046 coniectore
448 1985 605 2042 Seelrodius
634 1995 664 2041 et
686 1991 768 2043 lmm.
799 1987 877 2058 gulis
886 1988 1094 2058 grammaticis.
1123 1987 1311 2055 Atquodste-

174 2077 178 2099 ι
253 2051 378 2112 Belluer.
400 2075 448 2111 nec
460 2061 533 2126 sere,
558 2061 769 2128 quod-probas·
787 2058 856 2112 ,tuit
877 2061 1051 2112 Goerenzius
1072 2059 1109 2110 ed
1129 2057 1185 2108 Cic.
1207 2057 1271 2109 Fin.
1286 2055 1311 2122 1,

255 2141 330 2192 som,
355 2127 413 2181 nisi
435 2144 453 2180 ι
480 2129 621 2198 scripture
650 2131 768 2198 entique
798 2127 898 2190 luno
918 2145 968 2194 pro
986 2134 1079 2192 certo,
1102 2133 1166 2194 post
1185 2127 1211 2180 si
1225 2131 1311 2194 forte,

253 2195 341 2250 nimis
357 2197 512 2250 recederet.
541 2201 688 2252 'Dronlirrs
703 2217 767 2250 cum
798 2194 824 2248 si
839 2196 961 2248 iunctim
982 2195 1159 2262 scribuntur,
1179 2212 1235 2250 uon
1252 2197 1312 2250 nisi

253 2263 768 2331 'chuluioSchurnileischiinecsorte
797 2263 985 2325 indicativum
1007 2269 1107 2336 fsequi,
1138 2267 1168 2319 id
1191 2274 1310 2321 entellus

254 2335 343 2398 dedit,
359 2337 441 2404 quod,
458 2337 484 2390 si
492 2343 565 2405 sorte
578 2354 628 2404 pro
637 2342 766 2405 tortasse,
796 2351 897 2388 verum
910 2345 968 2404 est,
990 2347 1128 2406 qnatenus
1147 2339 1181 2390 dc
1194 2337 1226 2390 re
1241 2353 1310 2391 uere

250 2410 286 2457 ut
302 2422 354 2474 por
371 2412 429 2470 est,
453 2407 591 2470 sumitur,
614 2415 716 2460 vercor
733 2417 766 2462 ut
796 2405 874 2458 facto
895 2408 1008 2478 agitur:
1036 2409 1068 2462 in
1090 2425 1122 2460 re
1137 2407 1311 2461 'euim'ficts

251 2473 391 2529 Latinum
402 2476 452 2529 nin
473 2493 499 2529 v.
513 2476 629 2531 Pessov.
645 2479 681 2530 ed
695 2481 766 2531 Per·
796 2476 913 2530 admitti
935 2480 1162 2543 coniunctium,
1190 2478 1311 2550 egregie

252 2546 328 2602 sium
342 2545 428 2616 punt
445 2565 502 2615 seq.
519 2547 657 2601 Toletani
673 2549 766 2620 igitur
796 2545 1024 2603 demonstratum
1045 2551 1124 2604 dedit
1148 2549 1310 2604 Gernlrerd.

190 2640 193 2650 ι
216 2669 217 2677 ,
252 2615 533 2687 interimantiquom
547 2617 713 2686 lectionem,
734 2619 765 2676 iu
795 2617 832 2669 ed
852 2619 908 2672 Cic.
936 2621 971 2672 de
998 2620 1129 2690 senuld,
1149 2619 1192 2674 83.
1227 2621 1310 2674 Goni.

251 2703 307 2756 qun
324 2690 467 2758 posterius
482 2691 538 2742 nisi
552 2706 620 2748 sene
639 2691 764 2744 otiosum
796 2689 918 2743 cundem
931 2693 966 2744 nd
982 2693 1016 2744 de
1033 2692 1115 2746 amic.
1126 2691 1169 2756 lt,
1181 2689 1225 2744 48.
1246 2691 1309 2744 lloc

250 2765 308 2812 est:
332 2762 407 2827 quod
432 2761 458 2815 si
487 2778 650 2832 expungere
678 2763 764 2829 nolis,
795 2761 879 2813 modo
905 2761 1073 2831 explicanda
1101 2767 1168 2815 sunt
1194 2761 1309 2831 Quinti-

249 2846 323 2896 qnne
339 2832 449 2885 Hondii
465 2849 576 2899 quoque
593 2839 636 2885 est
650 2835 765 2886 senten·¹
793 2829 867 2883 linui
881 2833 946 2898 llll,
962 2833 988 2896 2,
1002 2834 1020 2886 2
1038 2835 1094 2886 nini
1106 2838 1181 2900 sorte
1196 2834 1309 2886 acceda-

249 2899 297 2953 tin‘
316 2902 351 2954 ed
373 2901 512 2955 Gronovii
532 2902 623 2954 Dietr.
640 2903 674 2954 in
697 2904 763 2956 Stu-
792 2919 853 2952 mos
866 2903 909 2964 iis,
922 2906 970 2970 qni
981 2915 1082 2956 natura
1090 2912 1210 2955 constare
1222 2907 1309 2957 mores

137 2985 140 2996 “
194 2975 196 2985 “
250 2971 332 3024 tium.
348 2973 381 3025 T.
391 2973 412 3024 1.
428 2990 454 3040 p.
464 2969 525 3035 465,
549 2977 641 3038 potest
657 2972 763 3039 repeti·
792 2980 818 3022 ιι
838 2972 907 3024 ninii
930 2975 1057 3030 adiuvari
1081 2973 1226 3039 disciplina
1250 2991 1309 3044 po-

167 3101 170 3108 ,
249 3041 292 3094 tio
323 3041 486 3112 negationis
517 3059 551 3093 ex
582 3042 762 3112 negligentia
792 3049 865 3103 tant,
890 3059 962 3108 quoe
984 3061 1018 3095 ex
1034 3044 1119 3096 Fabii
1137 3048 1233 3110 mente
1251 3046 1308 3098 mi-

248 3111 372 3179 quudem
404 3110 578 3180 scriptorum
610 3113 761 3182 negativas
791 3110 866 3162 nime
882 3112 1023 3166 dicuntur.
1041 3115 1149 3166 Eodem
1164 3116 1247 3166 seusu
1260 3115 1307 3167 ci-

247 3181 405 3248 perticulns
418 3181 479 3234 sine
493 3180 593 3246 idonea
608 3199 693 3235 cause
706 3183 761 3235 ite·
791 3197 857 3234 cero
878 3183 928 3252 Ep.
949 3185 985 3236 sd
1002 3186 1061 3237 Att.
1073 3185 1106 3250 X,
1122 3183 1140 3236 8
1161 3183 1216 3235 nisi
1232 3189 1307 3252 sorte

185 3295 195 3306 Ι
247 3251 375 3305 rentium
405 3253 552 3320 explicari.
601 3252 760 3306 [senissimo
789 3253 1306 3324 meSordnnnpclioiceminmolectnlo

247 3339 316 3375 vero
340 3325 464 3378 tortasse
488 3332 644 3392 apparetur
668 3325 760 3378 medi-
789 3325 856 3375 mori
872 3329 952 3378 malle
965 3329 1107 3379 senueris.
1147 3353 1152 3360 -

153 3411 155 3418 ’
247 3392 325 3458 cino,
348 3395 374 3448 si
387 3394 529 3462 posterius
546 3397 601 3448 nisi
615 3401 758 3448 mutemus
824 3405 841 3456 4
863 3397 1011 3464 Copuhm,
1028 3397 1057 3449 in
1071 3399 1141 3452 Edd.
1155 3407 1225 3455 vett.
1240 3403 1305 3458 uui·

245 3462 276 3515 in
294 3465 325 3518 si.
359 3466 429 3519 Post
446 3466 501 3528 nisi
517 3467 592 3519 enim
614 3483 649 3518 ex
667 3468 757 3520 ebun—
788 3465 1304 3543 versisdesideratam,restituitlaip-

244 3533 343 3593 duntie
361 3538 481 3604 quedem
498 3537 577 3601 eddi,
596 3537 665 3591 licet
681 3553 756 3604 cero,
788 3535 855 3590 tius.
894 3550 907 3574 ἰ

245 3606 321 3658 ιοΙιι
345 3609 377 3659 ei.
402 3605 460 3660 cic.
486 3625 536 3676 pro
559 3607 658 3660 Milon.
677 3607 703 3673 ¹1,
722 3608 757 3660 l'l
809 3612 840 3660 ‘5
857 3608 1029 3663 Atdebetur
1042 3611 1211 3667 Puteolano.
1227 3611 1302 3684 Spir.

244 3676 299 3729 nisi
309 3677 381 3740 sorte
397 3679 487 3750 magis
501 3681 552 3732 erit
566 3679 717 3747 parricida,
733 3676 758 3732 si
787 3686 820 3730 ct.
1157 3741 1159 3746 Ι
1243 3725 1246 3730 .

243 3749 305 3814 puio
322 3753 486 3820 consularem
500 3759 620 3818 patrem,
634 3767 716 3818 qoam
731 3749 757 3801 n·
821 3750 970 3804 6Adiecit
995 3749 1109 3820 Lipsius
1136 3762 1192 3816 est,
1224 3757 1301 3820 quod

242 3818 303 3885 puis
318 3819 446 3876 tomitem
459 3822 600 3875 necaverit.
787 3836 884 3873 omnes
895 3822 1023 3890 deiupeps
1038 3824 1163 3876 editores
1176 3824 1301 3890 amplexi
1384 3857 1386 3862 ·

276 3895 293 3942 2
312 3887 387 3956 Spir.
400 3894 516 3944 colutda
545 3913 552 3944 t
570 3891 710 3944 Lmtidius
724 3899 755 3944 ot
785 3898 849 3942 sunt
861 3901 975 3958 praeter
989 3893 1156 3957 licentium,
1168 3894 1217 3961 qui
1227 3896 1299 3949 bene

240 3961 373 4028 temporis.
408 3961 492 4015 Aliae
535 3964 577 4015 dd.
597 3969 666 4014 vett.
688 3979 753 4014 cum
784 3962 910 4016 sustulit.
947 3964 1036 4017 Abest
1058 3963 1133 4016 enim
1150 3964 1186 4016 ab
1204 3967 1299 4019 omui-

239 4029 303 4083 nlo.
323 4033 465 4085 cniusdam
489 4035 557 4087 lenti
585 4033 694 4086 luminis
719 4050 752 4085 oc
781 4033 833 4086 bus
848 4042 914 4087 unte
930 4033 1060 4102 lripsium
1076 4032 1261 4090 editionibus.

239 4103 369 4172 temporie.
408 4103 491 4174 Quod
507 4120 589 4158 nunc·
601 4105 749 4175 vulgetur,
817 4107 833 4160 7
851 4103 1005 4158 Detorisv.
1014 4104 1103 4176 intpp.
1116 4106 1196 4160 Adde
1204 4105 1298 4179 Quin·
