2904 4842
630 373 689 447 ΒΡ

149 641 157 660 .
201 547 572 676 ἰῗιῗιιεῐὶιιῗιθῗιιῗιῗῖιιίοΡΡῃ
570 618 602 674 Ρ
745 544 1001 675 aogmata-F.

177 687 388 764 inirdnes'tam
406 693 486 744 iacta
504 691 536 742 P.
697 759 700 766 ι
747 689 874 760 primum
891 695 990 743 autem
1007 688 1039 744 P.
1058 687 1091 742 Ρ.

194 763 303 834 ,stadis
316 776 469 830 morasque
481 762 512 813 Ρ.
532 757 649 828 [Versat
748 769 800 815 ant
816 760 951 832 legitime
968 761 1000 814 P.
1013 795 1016 802 ι

186 863 191 872 ·
237 835 470 904 dcitur-'syllaba
485 846 526 884 sto
541 837 678 885 etver-·
750 839 780 886 et
798 839 830 886 ut
848 831 969 900 denique
986 831 1018 884 Ρ.
1035 831 1067 886 Ρ.

242 923 290 961 sus
316 921 436 974 sequens
461 902 565 972 incipit
582 903 650 972 syli.
688 937 692 944 -
750 901 967 957 instructnssitt
981 898 1192 955 inforumP.P.

238 995 336 1044 raeque
342 1015 350 1040 ,
371 976 414 1029 ita
430 981 465 1030 nt
483 973 570 1026 iacile
590 973 652 1043 syl·
751 975 857 1028 horam
865 975 991 1043 ipsarum
999 971 1117 1028 disertis
1124 971 1194 1026 Ρ.Ρ.

240 1048 327 1100 labae
347 1049 379 1100 dc
395 1065 429 1100 cu
450 1044 583 1118 excidere
601 1062 652 1112 po·
752 1061 853 1098 eorum
870 1045 921 1099 vix
941 1061 1053 1113 qaoque
1070 1045 1103 1098 P.
1120 1043 1152 1096 Ρ.
1264 1051 1265 1056 ’

242 1117 360 1173 tuerint.
369 1115 482 1184 HESS.]
490 1116 653 1170 tudiama·
752 1132 843 1188 regua
862 1115 986 1181 (emisso
1002 1115 1067 1184 ecc)
1084 1115 1117 1167 Ρ.

131 1201 136 1212 ·
243 1205 345 1256 resque
363 1190 395 1241 Ρ.
752 1191 837 1256 refert
855 1189 937 1240 abest
954 1202 972 1238 a
990 1185 1022 1238 Ρ.
1040 1186 1072 1239 Ρ.

209 1259 324 1313 Actium
341 1257 467 1331 Augusti
485 1259 517 1312 Ρ.
533 1258 592 1330 Ρ..
753 1257 850 1326 spacia
866 1259 898 1312 Ρ.
918 1255 1015 1324 spacia
1034 1257 1067 1310 Ρ.
1136 1280 1138 1284 ’

209 1336 240 1382 et
257 1330 288 1382 ia
307 1331 396 1384 nullis
413 1333 444 1384 P.
463 1330 493 1381 Ρ.
753 1346 824 1399 quas
839 1328 922 1383 vobis
936 1327 1014 1396 (siae
1027 1323 1198 1398 praepono)

137 1399 276 1454 axam.
290 1401 428 1455 -miaister
445 1402 476 1452 Ρ.
493 1400 525 1451 Ρ.
788 1402 819 1451 Ρ.
839 1401 870 1453 Ρ.
1060 1401 1062 1409 ’
1101 1419 1103 1424 ·

210 1476 240 1523 et
257 1471 391 1524 libertati
408 1473 440 1524 P.
458 1470 490 1523 Ρ.
754 1477 853 1526 orator
871 1470 939 1539 (pro
955 1467 1072 1536 crateri)
1088 1468 1121 1522 Ρ.

209 1541 331 1610 incr-epit
355 1547 384 1596 et
407 1541 454 1594 sui
537 1546 654 1594 canten—
754 1541 826 1594 meis
844 1541 984 1611 placuisse
1002 1540 1034 1593 P.
1051 1539 1083 1594 Ρ.

244 1618 291 1666 tus
316 1613 435 1680 (lacuna
457 1617 521 1682 past
538 1613 598 1682 sai)
622 1613 654 1664 Ρ.
683 1610 854 1678 timim.
874 1611 1025 1666 incohasse
1043 1611 1077 1664 Ρ.
1095 1609 1128 1663 Ρ.

245 1682 350 1752 irrepit
369 1690 398 1737 et
416 1683 463 1737 sui
480 1700 570 1726 -·-
587 1700 655 1738 aaa·
754 1682 909 1737 linimenta
924 1685 956 1736 Ρ.
974 1682 1006 1735 Ρ.
1094 1721 1097 1724 -

246 1761 372 1825 temptas
390 1756 423 1808 Ρ.
756 1754 838 1808 soliti
856 1759 922 1808 sunt
939 1754 971 1806 P.
988 1753 1022 1804 Ρ.

139 1857 143 1862 -
212 1825 279 1888 ideo
296 1842 366 1878 vero
383 1825 414 1878 P.
431 1826 464 1879 Ρ.
756 1824 884 1879 desidiae
903 1830 933 1878 et
951 1821 1089 1877 scientiae
1106 1821 1138 1874 P.
1149 1820 1182 1874 Ρ.

211 1913 270 1962 aec¹
281 1902 479 1964 praeceptores
498 1897 531 1950 P.
552 1895 585 1949 Ρ.
757 1897 832 1964 quad
852 1901 902 1948 aut
920 1893 970 1947 illi
986 1894 1018 1945 Ρ.
1037 1892 1069 1944 Ρ.

188 1967 521 2092 Ιιιιέιιιίιιιίιῑίιιιιιιι·Ρ.ΡΡ.Ιῖ
580 1996 583 2006 ·
624 1991 626 1996 ·
754 1967 815 2052 iam
834 1967 980 2090 ιῌιίξιιὲιι
996 1965 1028 2018 P.
1045 1963 1078 2017 Ρ.

211 2055 242 2090 se
319 2055 366 2090 ece
387 2057 428 2092 rra
471 2076 478 2091 .
520 2075 528 2090 .
756 2055 786 2091 ιιι
809 2053 882 2090 ressr
922 2074 930 2090 .
1032 2051 1066 2072 ··

211 2125 264 2161 nec
283 2108 313 2160 in
333 2110 492 2164 evolvenda
509 2108 542 2162 P.
558 2107 590 2162 Ρ.
756 2056 898 2162 trinitate
910 2112 940 2160 et
953 2103 1119 2175 eloquentia
1130 2105 1162 2159 P.
1169 2103 1202 2158 Ρ.

212 2178 243 2230 in
261 2179 400 2234 noticiam
417 2182 448 2235 P.
467 2181 500 2232 Ρ.
757 2181 788 2234 bi
804 2186 872 2233 ente
896 2177 1054 2248 siguificare
1076 2179 1160 2234 abest
1183 2191 1203 2231 a
1235 2201 1237 2212 ·

213 2256 399 2318 expectentur
416 2252 448 2304 P.
466 2251 497 2304 Ρ.
791 2252 823 2305 Ρ.
842 2250 874 2303 Ρ.
1069 2282 1071 2290 ι

213 2325 247 2372 ut
266 2339 387 2388 quorum
405 2324 441 2378 Ρ.
455 2322 487 2374 Ρ.
758 2321 995 2378 exercitationem
1012 2320 1045 2374 Ρ.
1064 2319 1097 2376 Ρ.

212 2390 333 2445 habaite
346 2393 446 2446 atatim
459 2391 593 2448 decuriis.
610 2407 658 2447 te·
757 2395 998 2480 longevparetam
1016 2392 1048 2444 P.
1065 2393 1098 2445 Ρ.
1143 2422 1148 2434 .
1176 2391 1182 2404 “

249 2463 341 2515 ieram
359 2465 390 2516 P.
412 2464 444 2516 Ρ.
758 2465 894 2536 propriae
909 2464 986 2517 circa
999 2460 1160 2517 aratoriam
1171 2461 1204 2518 P.

142 2529 271 2584 (LXXX.
288 2545 343 2598 que
362 2547 446 2583 ausos
466 2546 529 2583 etse
544 2532 578 2582 Ρ.
596 2531 629 2583 Ρ.
794 2535 819 2583 Ρ

215 2600 377 2653 continetur
394 2601 425 2652 Ρ.
443 2599 475 2652 Ρ.
689 2599 853 2655 (LXXXIV.
875 2599 1035 2669 principem
1057 2603 1155 2658 locam
1172 2603 1204 2658 in

150 2676 162 2688 ”
215 2668 298 2724 nabis
316 2669 417 2738 atique
434 2670 465 2721 Ρ.
484 2669 516 2724 Ρ.
794 2671 914 2725 civitate
932 2673 964 2724 P.
982 2671 1014 2724 Ρ.

213 2742 374 2796 Diodorum
393 2741 424 2795 P.
441 2740 474 2795 Ρ.
761 2745 878 2796 tenebat
892 2742 959 2812 (pra
973 2741 1120 2814 obtinebat)
1132 2744 1164 2796 P.
1172 2745 1205 2799 Ρ.

217 2814 309 2879 amnis
329 2813 360 2865 P.
378 2811 411 2866 Ρ.
760 2812 935 2868 dictionibus
955 2811 1096 2869 interesse
1116 2820 1204 2886 utque

216 2890 245 2937 et
271 2883 403 2952 pluribus
427 2880 558 2951 partibas
576 2882 608 2936 P.
627 2882 659 2936 Ρ.
796 2885 838 2938 sic
855 2886 887 2939 P.
906 2886 938 2938 Ρ.
1006 2919 1009 2926 ·

145 2953 285 3024 (LXXXI.
304 2970 361 3007 non
373 2953 660 3022 utrhetorumscho-
760 2973 880 3027 magnos
899 2974 933 3008 ex
951 2954 1007 3008 hoc
1024 2955 1056 3010 P.
1074 2957 1106 3012 Ρ.
1215 2997 1218 3006 .

250 3026 289 3080 lis
303 3027 335 3077 P.
350 3041 406 3090 aaa
416 3025 568 3080 rhetorum
575 3024 660 3079 scha·
760 3028 836 3096 qaod
854 3034 884 3080 ct
902 3027 987 3079 iudex
1006 3026 1037 3078 Ρ.

251 3098 291 3149 lis
308 3097 339 3149 Ρ.
761 3099 1048 3166 depraehendebatar
1064 3099 1098 3152 Ρ.

218 3165 355 3252 cognovit
372 3168 403 3220 P.
422 3167 454 3218 Ρ.
760 3187 817 3224 nan
835 3170 954 3223 rudibus
970 3170 1002 3223 Ρ.

218 3241 286 3308 quid
305 3239 366 3291 irae
383 3239 415 3290 P.
433 3237 465 3288 Ρ.
760 3240 1009 3308 praeceptionibus
1027 3241 1060 3295 P.
1078 3241 1109 3296 Ρ.

216 3308 377 3380 promptius
396 3313 424 3360 ct
442 3305 532 3361 miser
550 3306 581 3360 P.
599 3306 630 3361 Ρ.
761 3310 862 3363 atatim
869 3309 1206 3379 unicuiquecausaeP.F.

217 3378 374 3434 habuerint
392 3379 424 3431 Ρ.
761 3379 856 3434 Pallio
876 3381 1014 3434 Catonem
1031 3384 1063 3437 P.
1083 3384 1117 3436 Ρ.

218 3469 253 3505 ex
272 3450 404 3507 omnibns
419 3449 505 3503 ducta
521 3447 661 3502 sermoni-
761 3457 887 3504 aetatem
906 3453 939 3504 P.
956 3453 987 3504 Ρ.

252 3525 307 3576 bus
325 3522 356 3574 P.
374 3521 404 3572 Ρ.
761 3520 848 3574 hodie
867 3522 944 3590 (siae
963 3523 1027 3592 que)
1043 3524 1076 3578 P.

218 3591 395 3648 mutabimus
413 3592 443 3644 P.
461 3592 493 3643 Ρ.
691 3591 840 3647 (LXXXV.
860 3592 890 3644 in
910 3610 994 3646 scena
1012 3588 1053 3647 1³!
1061 3595 1093 3648 Ρ.

220 3669 298 3719 artes
314 3662 415 3718 audire
434 3663 464 3714 P.
482 3660 515 3714 Ρ.
701 3699 703 3704 -
763 3664 839 3730 quad
856 3664 956 3716 Marco
976 3665 1080 3718 Crasso
1100 3666 1132 3719 P.
1149 3666 1181 3719 P.

219 3735 327 3802 deoque
344 3733 411 3801 (pra
428 3731 551 3802 ideoque)
568 3731 600 3784 P.
763 3734 931 3787 deducimur
950 3734 1114 3790 inachaiae
1132 3738 1164 3792 P.
1173 3736 1206 3789 Ρ.

218 3804 428 3878 grammaticae
463 3802 591 3857 musicae
632 3808 663 3857 et
763 3804 865 3872 quibas
885 3804 961 3872 (sinc
980 3806 1024 3876 in)
1041 3809 1073 3860 P.
1093 3806 1125 3860 Ρ.

255 3874 433 3948 geometriae
449 3875 481 3928 P.
499 3874 531 3926 Ρ.
762 3875 912 3943 imperitas
932 3892 1022 3944 aeque
1040 3871 1072 3931 Ρ.
1088 3877 1121 3930 Ρ.
1143 3915 1146 3921 ,

219 3947 350 4016 plerique
367 3947 398 3998 P.
417 3946 449 3998 Ρ.
757 3956 787 4000 et
801 3951 867 3999 ante
882 3946 974 4000 dicant
991 3950 1072 4002 abest
1091 3963 1108 4000 a
1122 3947 1154 4002 P.
1172 3947 1205 4003 Ρ.

220 4019 293 4072 baec
307 4033 418 4085 quoque
434 4012 555 4069 scientia
567 4016 662 4087 requi·
763 4019 837 4086 apud
855 4016 987 4071 rhetoras
1007 4018 1038 4073 Ρ.
1055 4019 1087 4072 Ρ.

255 4088 332 4141 ritur
350 4088 381 4140 P.
400 4087 433 4139 Ρ.
763 4093 792 4142 et
806 4087 1019 4144 controversiae
1032 4085 1205 4148 robustiori-

149 4157 303 4217 GKXXII.
322 4156 445 4228 simplex
463 4155 579 4228 quidam
597 4156 629 4212 P.
797 4160 850 4214 bus
868 4157 900 4212 P.
922 4160 954 4214 Ρ.
